2286 4394
48 216 109 277 106
419 215 448 270 Ρ.
460 215 589 270 TERGiLi
605 216 752 272 diffiditis

46 407 132 469 quam
156 406 212 450 nec
233 389 321 468 ionga
342 388 406 451 dies
427 389 520 469 pietas
542 407 600 451 neo
619 388 734 468 mitigat
753 388 830 465 utu,

47 493 103 537 nec
125 473 201 535 ioris
221 474 345 554 imperio
367 474 495 553 tutisque
516 474 642 536 infracta
663 474 799 553 quiescit

46 579 107 621 non
131 558 225 620 media
247 560 393 637 degente
416 559 565 640 Phrygum
586 558 718 621 exedisse
738 559 876 622 neimdis
1062 564 1099 621 toi

45 645 149 706 urbem
172 643 247 705 odiis
268 645 339 707 satis
360 655 405 706 cst
427 662 483 705 nec
505 662 632 724 poenam
651 652 734 707 traxe
755 662 969 725 peromnem:

45 729 184 809 reliquias
206 729 329 802 Troiae,
350 730 467 791 cineres
487 740 577 809 atque
598 747 664 793 ossa
685 738 857 810 peremptae

45 814 220 894 insequitur.
265 833 368 877 cauom
388 815 463 876 tanti
484 815 558 876 sciat
579 814 628 876 iiia
648 814 776 887 furoris!

45 901 109 981 ipse
131 899 202 961 mibi
225 918 321 980 nuper
342 899 459 980 Libycis
480 909 514 961 tu
535 900 620 962 testis
640 901 670 962 in
693 899 798 973 undis,

45 1004 134 1066 quom
156 985 263 1047 molem
286 984 384 1047 subito
407 984 543 1046 excierit:
564 986 655 1047 maria
677 984 777 1047 omnia
797 983 880 1047 caelo

46 1070 164 1134 miscuit
185 1070 292 1132 Aeoliis
315 1070 493 1149 nequiquam
515 1070 590 1131 [reta
611 1069 751 1151 procellis

44 1158 76 1218 in
99 1156 200 1235 regnis
220 1156 277 1216 hoo
299 1173 369 1216 ausa
390 1155 458 1217 tuis.

46 1260 101 1322 per
122 1240 218 1303 scelus
240 1258 310 1301 ecce
331 1239 418 1301 edam
440 1239 577 1302 Troianis
597 1238 742 1302 matribus
762 1240 835 1302 actis

46 1326 156 1386 exussit
177 1325 262 1386 toene
284 1324 393 1405 puppis
414 1334 445 1387 et
464 1324 557 1387 classe
577 1324 697 1405 subegit

44 1411 150 1471 amissa
171 1410 267 1471 socios
290 1410 408 1490 ignotae
430 1409 565 1490 iinquere
584 1418 691 1472 torrae.

45 1495 125 1575 quod
147 1504 297 1574 superest,
320 1514 391 1569 oro,
414 1495 500 1556 liceat
521 1493 592 1556 darc
613 1504 678 1557 tuta
698 1512 754 1574 por
772 1492 869 1555 undas

44 1580 106 1641 reia
128 1579 198 1654 tibi,
220 1579 306 1641 liceat
327 1579 504 1642 Laurentem
526 1580 673 1661 attingere
694 1578 851 1661 Thybrim,

44 1665 69 1728 si
90 1683 231 1728 concessa
253 1674 337 1744 peto,
360 1666 384 1727 si
407 1666 479 1727 dant
499 1684 534 1727 ea
555 1665 672 1727 moenia
692 1660 825 1726 Parcao.'

129 1749 203 1812 Tum
227 1749 384 1812 Saturnius
405 1751 479 1812 baec
500 1751 628 1812 domitor
648 1750 737 1812 maris
759 1748 850 1811 edidit
870 1747 938 1811 alu:

40 1829 98 1897 ‘fas
120 1853 208 1897 omne
230 1844 289 1905 est,
312 1835 470 1915 Cytherea,
493 1836 566 1897 meis
587 1845 618 1896 te
638 1836 729 1898 fldem
750 1833 868 1914 regnis,

44 1921 125 1982 unde
145 1939 241 2000 genus
254 1921 354 1982 ducis.
398 1921 495 1982 merui
516 1938 652 2000 quoque:
684 1938 772 2001 saepe
794 1920 912 1981 furores

44 2006 206 2087 compressi
229 2016 258 2067 et
279 2004 389 2067 rabiem
410 2016 523 2067 tanum
544 2005 677 2085 caelique
698 2006 857 2084 marisque.

44 2110 100 2153 nec
123 2091 221 2152 minor
242 2092 272 2153 in
296 2092 385 2154 terris
405 2090 566 2169 (Xanthum
589 2091 800 2169 Simoentaque
821 2085 928 2172 testor)
999 2100 1004 2109 “

43 2177 160 2239 Aeneae
184 2176 255 2237 mibi
278 2193 348 2237 cura
369 2177 427 2238 tui:
461 2194 529 2237 curu
550 2176 639 2238 T'rota
659 2174 789 2237 Acbiiies

43 2262 206 2322 exanimata
228 2279 356 2339 sequens
377 2262 555 2342 impingeret
575 2260 691 2340 agmina
713 2260 824 2333 muris,

44 2346 122 2406 milia
143 2345 234 2406 multa
255 2346 338 2407 daret
359 2345 418 2407 leto
441 2355 654 2426 gemerentque
674 2345 781 2426 repleti

42 2449 160 2504 amnes,
184 2447 239 2490 nec
261 2431 392 2509 reperire
414 2432 488 2493 riam
511 2440 600 2510 atque
621 2430 755 2492 evolvere
776 2438 877 2511 posset

42 2516 72 2575 in
96 2532 177 2574 mare
199 2533 230 2575 se
252 2514 403 2589 Xanthus,
426 2516 542 2578 Pelidae
563 2526 635 2577 tunc
657 2534 713 2596 ego
735 2516 805 2577 forti

41 2616 234 2678 congressum
257 2602 377 2661 Aenean
401 2620 458 2663 noo
479 2602 525 2663 dis
547 2620 603 2663 nec
624 2599 735 2663 viribus
756 2600 859 2679 aequis

42 2683 122 2746 nube
145 2702 212 2744 cara
235 2685 335 2765 rapui,
359 2704 497 2766 cuperem
520 2705 587 2748 curn
610 2695 726 2748 vertam
747 2685 784 2746 ab
805 2685 865 2747 imo

41 2779 152 2830 structa
174 2770 247 2831 meis
270 2771 406 2833 manibus
428 2772 564 2852 periurae
585 2771 703 2832 moenia
724 2770 840 2832 Troiae.

43 2874 123 2916 nunc
145 2873 264 2934 quoque
285 2875 371 2918 mens
392 2858 494 2918 eadem
515 2855 736 2937 postumini,
758 2855 835 2935 pelie
855 2854 1003 2917 timorem

41 2948 136 3013 tutus,
160 2959 235 3020 quos
258 2952 356 3021 optas,
379 2952 484 3021 portus
506 2941 627 3004 accedet
647 2941 764 3002 Averni.

40 3045 119 3087 unus
141 3027 346 3101 erimantum,
368 3028 506 3088 amissum
529 3046 619 3130 qoem
640 3026 756 3107 gurgite
779 3033 918 3106 quaemt3

40 3111 664 3277 bbublbipffeddmdbdeddddbbblsidpbldctoru
685 3195 787 3269 dictis,

39 3279 135 3358 iungit
157 3297 249 3358 equos
271 3298 343 3341 auro
364 3280 483 3358 genitor
503 3283 729 3361 spumantiaque
751 3280 831 3343 addit

39 3415 244 3424 ——n—-—-

125 3483 174 3534 tut
196 3479 295 3542 satisne
315 3479 433 3551 Tybcmrc
534 3483 584 3535 786
609 3486 719 3533 boum
739 3478 804 3533 T¹P¹
839 3481 959 3531 tractus
981 3474 1020 3529 Μ’
1073 3478 1113 3530 ¹b²

40 3549 120 3603 Gebb.
141 3553 201 3613 (om.
222 3552 288 3613 neo).
392 3552 441 3603 795
466 3552 560 3615 ignota
583 3548 682 3619 meast
749 3550 882 3616 'linquere
906 3545 941 3610 P,
967 3545 1017 3598 nisi
1054 3552 1112 3599 orte

39 3626 79 3669 est
96 3619 215 3685 relinqu„
232 3625 261 3669 ut
278 3618 396 3670 habuerit
413 3622 523 3683 ignotus
540 3619 556 3669 1.
577 3617 609 3668 1³¹
643 3619 796 3684 rotimum
812 3637 830 3688 y
897 3620 972 3667 terro
990 3612 1051 3666 tir*

40 3686 276 3739 rusticantium.
374 3689 422 3739 tut
441 3688 499 3751 tuq
517 3688 570 3736 ribi
587 3684 675 3738 iiamb.
692 3685 720 3738 il.
756 3690 818 3737 tuas
834 3681 948 3737 mobile
968 3697 1009 3735 ue.
1043 3683 1113 3735 mihi

40 3751 138 3805 Pseriit.
207 3756 273 3818 ocia,
291 3756 347 3807 illu
365 3755 444 3806 iioeot
461 3754 527 3806 Gent
545 3755 585 3806 25.
689 3756 736 3807 stt
756 3752 934 3821 peritomen*
964 3752 973 3783 ¹
1059 3752 1112 3805 812

39 3824 145 3873 uotum
163 3822 219 3874 iibri
238 3828 337 3890 praeter
354 3821 395 3874 Mc
479 3823 530 3875 814
547 3837 658 3888 quaeres
676 3821 733 3873 iibri
752 3838 789 3889 pr.
807 3840 834 3885 χς
853 3820 928 3874 Ribb.
946 3819 972 3871 in
991 3817 1032 3872 ed.
1048 3820 1111 3872 mai.

38 3887 86 3940 stt
106 3904 222 3953 corrup
273 3905 342 3940 auro
358 3893 465 3954 genitos
481 3891 547 3941 coni.
567 3887 657 3955 wtgn.
