2286 4394
454 111 614 165 eubuleus
632 112 691 167 LlB.
705 112 755 169 Vll
1076 111 1134 172 137

10 284 26 373 *p
59 291 89 344 et
105 287 205 348 varias
229 285 311 346 audit
330 302 419 346 voces
440 284 608 363 fruiturque
629 286 752 346 deorum
1048 311 1049 315 ¹
1108 296 1138 346 99

12 396 16 403 ·
66 371 223 450 conloquio
246 379 335 449 atque
357 369 424 431 imis
445 370 615 430 Acheronta
636 369 751 430 adfatur
773 370 905 433 hvernis.
971 411 974 415 -

11 448 111 518 bic
133 465 162 518 et
184 464 249 518 tum
272 463 357 535 pater
378 454 442 533 ipse
463 463 569 533 petens
591 472 734 534 responsa
756 454 879 518 latinus

77 549 184 602 tentum
206 539 353 619 lanigeras
376 537 524 600 mactabat
544 539 600 600 rite
622 538 751 600 bidentis

79 631 152 705 atque
172 625 279 687 harum
302 623 422 686 effultus
442 632 526 702 tergo
549 622 707 702 stratisque
729 623 842 684 iacebat

10 736 13 783 5
79 709 236 808 retenens,
259 708 356 771 subita
379 709 495 770 exalto
518 726 574 769 vox
596 708 708 769 reddita
730 708 797 769 luco
821 718 880 770 est:

10 790 17 873 q
79 781 119 856 ‘ne
137 805 204 876 pete
226 792 353 856 conubis
376 803 475 855 natam
496 792 609 854 sociare
631 792 759 867 Latinis

10 912 15 971 ².
79 893 172 941 omea
193 879 368 976 progenies,
391 877 525 940 thalamis
548 896 607 939 neu
629 877 717 939 crede
739 879 864 956 paratis·

10 980 14 1029 ἰ
75 964 180 1026 externi
203 963 334 1025 venient
345 962 465 1042 generi,
489 963 539 1041 qui
561 962 707 1042 sanguine
730 972 865 1024 nostrum

10 1060 13 1069 ·
72 1061 176 1110 nomen
198 1049 230 1110 in
253 1059 332 1110 astra
351 1048 450 1110 lerant
472 1065 659 1126 quorumque
681 1046 717 1108 ab
741 1047 833 1127 stirpe
856 1059 980 1126 nepotes

69 1134 165 1194 omnia
187 1132 242 1196 sub
265 1132 406 1213 pedibus,
430 1150 488 1211 qua
510 1132 561 1193 Sol
584 1142 744 1228 utrumque
767 1150 926 1194 recurrens

66 1218 170 1297 aspicit
192 1217 359 1293 Oceanum,
381 1217 515 1295 vertique
537 1216 660 1314 regique
683 1211 841 1278 videbunt?

63 1292 140 1364 hacc
160 1321 304 1382 responsa
325 1302 418 1382 patris
440 1301 534 1363 Fauni
557 1301 748 1398 monitusque
770 1301 868 1362 silenti

64 1393 155 1449 nocte
178 1387 260 1449 datos
283 1406 344 1448 non
366 1387 431 1468 ipse
452 1404 507 1449 suo
529 1387 638 1466 premit
660 1405 712 1448 ore
735 1385 873 1462 Latinus,

64 1471 120 1533 Sed
140 1473 253 1534 circum
273 1472 331 1532 late
353 1470 508 1534 volitans
499 1488 557 1532 ram
580 1470 668 1532 Fama
690 1489 744 1551 per
768 1470 856 1532 urbes

65 1549 212 1618 Ausonias
233 1557 356 1632 tulerat,
380 1575 447 1618 cum
469 1556 682 1618 Laomedontia
704 1553 799 1634 pubes

68 1642 219 1714 ennineo
241 1642 333 1737 ripae·
345 1640 479 1737 religavit
500 1640 537 1701 ab
560 1658 667 1721 aggere
689 1640 819 1703 classem.

150 1728 266 1788 Aeneas
288 1725 436 1806 primique
458 1725 549 1788 duces
572 1736 609 1787 et
622 1725 746 1804 pulcher
768 1724 848 1786 lulus

71 1822 192 1909 corpora
214 1809 271 1873 sub
294 1810 385 1872 ramis
406 1811 562 1890 deponunt
582 1809 698 1871 arboris
720 1809 794 1871 altae

73 1890 286 1975 instituuntque
306 1897 398 1976 dapes
421 1904 451 1957 et
471 1896 578 1957 adorea
601 1895 658 1955 liba
680 1913 735 1974 per
756 1894 878 1955 herbam

72 1980 219 2043 subiciunt
239 1980 334 2060 epulis
356 1980 411 2059 (sic
432 1979 595 2077 luppiter
587 1999 650 2060 ipso
672 1979 824 2056 monebat)

72 2075 97 2126 et
118 2065 238 2128 Cereale
258 2066 356 2128 solum
379 2064 476 2146 pomis
497 2063 663 2143 agrestibus
684 2074 804 2143 augent.

72 2150 253 2231 consumptis
274 2149 323 2212 hic
345 2151 422 2211 forte
444 2149 523 2223 aliis,
546 2157 580 2210 ut
600 2159 715 2211 vertere
736 2167 853 2210 morsus

69 2235 202 2315 exiguam
224 2235 255 2296 in
279 2235 417 2297 Cererem
440 2233 566 2315 penuria
588 2233 686 2313 adegit
707 2232 813 2295 edendi

69 2329 96 2381 et
117 2320 227 2381 violare
250 2338 340 2381 manu
362 2319 505 2398 malisque
526 2317 684 2380 audacibus
707 2319 808 2380 orbem

66 2405 162 2466 latalis
184 2405 277 2466 crusti
298 2404 408 2485 patulis
430 2422 486 2466 nec
508 2422 631 2484 parcere
653 2403 788 2509 quadris

63 2483 169 2565 ‘heus,
192 2489 278 2551 etiam
301 2508 420 2552 mensae
442 2489 660 2551 consumimusl
706 2488 804 2566 inquit
824 2487 920 2561 iulus,

66 2593 124 2636 nec
146 2574 233 2654 plura
254 2574 406 2636 adludens.
450 2593 485 2636 ea
506 2593 560 2635 vox
584 2572 681 2635 audita
704 2572 839 2633 labomm

64 2659 164 2756 prima
186 2658 253 2720 tubt
273 2660 380 2734 finem,
403 2659 587 2738 primamque
609 2657 758 2754 loquentis
779 2658 815 2719 ab
839 2675 890 2718 ore

66 2743 179 2840 eripuit
200 2752 285 2845 pater
306 2763 341 2806 ac
362 2744 545 2824 stupefactus
567 2743 690 2804 numine
713 2742 829 2821 pressit.

66 2828 213 2890 continuo
233 2820 339 2904 ‘salre,
362 2828 429 2890 latis
451 2828 523 2889 mihi
546 2826 642 2889 debita
667 2828 765 2901 tellus,
1101 2833 1129 2884 te

64 2905 195 2990 vosque’
219 2911 275 2986 ait,
293 2905 325 2973 ‘o
348 2913 398 2974 lidi
421 2912 526 2974 Troiae
546 2912 654 2975 salvete
677 2922 814 2992 penates.

66 2997 118 3058 hic
141 2997 262 3071 domus,
285 2997 358 3058 haec
379 2997 473 3077 patria
496 3009 549 3059 est.
593 2997 711 3077 genitor
733 2996 804 3057 mihi
827 2994 893 3056 taba
916 3012 1044 3074 namque

67 3089 164 3154 (nunc
186 3084 302 3160 repeto)
324 3082 468 3144 Anchises
489 3083 618 3144 latorum
640 3100 747 3143 arcana
770 3080 903 3159 reliquit:

63 3160 160 3228 “cum
181 3175 227 3240 te,
251 3176 333 3240 nate,
355 3167 448 3229 fames
469 3167 569 3247 ignota
592 3168 627 3229 ad
649 3166 735 3227 litora
759 3176 874 3227 vectum

68 3250 175 3313 accisis
195 3259 283 3329 coget
305 3251 431 3331 dapibus
452 3270 629 3313 consumere
650 3269 784 3324 mensas,

67 3346 135 3398 tum
156 3353 277 3414 sperare
298 3337 403 3398 domos
424 3336 558 3398 delessus
580 3336 681 3416 ibique
704 3344 854 3397 memento

67 3421 166 3502 prima
189 3419 286 3482 locare
308 3440 399 3483 manu
420 3420 577 3501 mohriquc
599 3440 706 3501 aggere
729 3413 833 3482 tectass’

67 3507 144 3567 haec
166 3514 229 3566 erat
251 3505 300 3567 illa
321 3508 429 3581 lantes,
452 3507 525 3568 haec
549 3525 604 3568 nos
626 3524 764 3586 suprema
786 3502 924 3564 manebat

157 3658 190 3709 92
208 3657 272 3708 ltine
289 3653 373 3708 Bentl.
450 3657 483 3709 93
501 3659 636 3706 mactaret
653 3653 758 3706 bGoth.
771 3653 798 3704 ll.
833 3653 961 3702 maetautt
977 3649 1007 3717 γ’
1025 3647 1135 3700 Rottend

66 3729 102 3778 95
121 3721 247 3776 mostell
304 3727 335 3777 97
356 3723 417 3776 cede
434 3721 474 3774 lll.
492 3725 566 3788 1879,
581 3725 619 3775 19.
682 3724 714 3775 98
732 3724 844 3772 oemunt
862 3717 930 3781 a²c²x
944 3707 1057 3768 ‘melius'
1071 3715 1135 3770 Serv

67 3795 122 3848 104
138 3792 194 3902 aed]
212 3795 239 3843 et
256 3789 355 3844 Peerlh.
445 3794 493 3845 119
510 3792 556 3842 ille
573 3787 734 3852 lllbrpServ
823 3790 869 3841 125
889 3788 1001 3837 amberto
1018 3783 1067 3837 Ra¹
