2286 4394
77 203 138 266 112
443 205 470 260 P.
484 204 612 260 vendut
628 203 774 260 nunonis

75 395 199 458 usquam
222 377 331 451 aberit,
354 396 421 438 cum
444 388 476 438 tu
498 378 623 457 supplex
644 379 675 439 in
698 378 790 454 rebus
811 381 915 459 egenis

75 482 147 544 quas
169 463 265 542 gentis
288 461 392 523 italum
415 471 465 523 aut
488 481 560 542 quas
582 481 642 524 non
666 463 794 526 oraveris
817 465 923 527 urbest

75 565 161 612 causa
184 547 252 609 mali
275 547 350 608 tanti
372 548 504 609 coniunx
526 548 632 609 iterum
656 548 769 629 hospita
793 548 917 613 Teucris

76 633 250 713 externique
272 633 379 694 iterum
402 632 529 693 thalami.

74 728 107 781 tu
130 737 168 780 ne
191 718 262 781 cede
284 716 384 790 malis,
407 718 458 779 sed
480 726 584 778 contra
607 717 761 779 audentior
782 719 840 792 ito,

76 822 163 884 quam
186 810 234 865 tua
258 812 287 863 te
309 803 428 863 iortuna
450 802 536 863 sinet
579 802 624 862 via
645 803 740 881 prima
762 803 879 877 salutis,

76 887 155 970 quod
178 888 299 950 minime
321 887 410 960 reris,
432 887 516 947 Graia
539 888 686 967 pandetur
707 887 743 948 ab
766 879 866 950 urbe'

162 972 282 1036 Talibus
304 991 339 1033 er
362 973 447 1051 adyto
470 971 555 1034 dictis
577 972 703 1034 Cumaea
725 972 833 1053 Sibylla

76 1059 240 1122 horrendas
262 1058 341 1119 canit
362 1055 499 1135 ambages
520 1065 666 1136 antroque
689 1058 816 1137 remugit

78 1144 212 1207 obscuris
232 1161 298 1204 vera
321 1139 488 1203 involvens':
527 1159 560 1202 ea
582 1143 666 1203 irena
688 1142 799 1204 furenti

77 1229 210 1292 concutit
232 1236 261 1288 et
282 1226 428 1288 stimulos
437 1206 492 1288 sub
515 1236 637 1306 pectore
658 1227 745 1288 vertit
766 1227 881 1307 Apollo.

77 1322 110 1375 ut
129 1314 259 1410 primum
282 1312 369 1373 cessit
391 1313 528 1372 iuror
497 1319 528 1372 e
547 1311 647 1373 rabida
670 1329 721 1373 ora
744 1312 900 1391 quierunt,

77 1398 182 1496 incipit
203 1396 318 1458 Aeneas
339 1388 484 1458 heros2‘
489 1415 549 1458 non
573 1396 633 1458 ulla
653 1396 806 1471 laborum,

76 1503 95 1545 o
117 1484 215 1580 virgo,
240 1499 314 1542 nova
336 1481 376 1541 mi
398 1481 516 1543 iacies
506 1482 666 1579 rnopinare
688 1483 796 1561 surgit;

77 1568 176 1630 omnia
198 1566 335 1646 praecepi
357 1574 444 1645 atque
465 1566 563 1628 animo
585 1585 700 1629 mecum
724 1577 792 1628 ante
814 1567 925 1647 peregi.

76 1671 170 1714 unum
193 1671 262 1712 oro:
296 1651 415 1730 quando
438 1651 486 1712 hic
509 1651 618 1713 inferni
641 1651 728 1713 ianua
750 1652 829 1731 regis

77 1738 184 1800 dicitur
207 1746 236 1798 et
257 1734 414 1797 tenebrosa
436 1735 519 1815 palus
541 1737 711 1798 Acheronte
733 1738 849 1811 retuso,

77 1823 120 1885 ire
142 1822 177 1883 ad
200 1830 391 1901 conspectum
415 1821 476 1882 cari
497 1821 641 1900 genitoris
663 1830 691 1883 et
713 1840 764 1883 ora

76 1908 246 1988 contingat;
280 1907 386 1967 doceas
407 1905 465 1967 iter
486 1914 515 1967 et
536 1924 618 1968 sacra
641 1907 714 1968 ostia
734 1905 856 1987 pandas.

77 1994 158 2057 illum
183 2012 237 2073 ego
260 2009 315 2072 por
335 1992 466 2052 dammas
487 1999 518 2052 et
538 1991 617 2053 mille
639 1991 793 2071 sequentia
814 1991 872 2052 tela

76 2079 172 2160 eripui
194 2078 240 2140 his
263 2077 371 2139 umeris
394 2076 550 2155 medioque
572 2095 608 2138 ex
630 2075 715 2139 hoste
736 2075 854 2156 recepi,

77 2164 126 2226 ille
148 2182 247 2226 meum
271 2161 425 2223 comitatus
447 2161 503 2222 iter
523 2161 613 2222 maria
636 2162 733 2223 omnia
755 2179 874 2223 mecum

75 2258 166 2328 atque
189 2247 285 2309 omnis
307 2246 461 2326 pelagique
482 2246 577 2310 minas
599 2247 731 2326 caelique
752 2245 866 2308 serebat

77 2333 222 2395 invalidus
243 2331 312 2392 viris
336 2332 409 2392 ultra
433 2339 602 2411 sortemque
624 2340 769 2394 senectae.

78 2419 166 2497 quin,
190 2426 222 2478 ut
243 2425 272 2476 te
295 2415 419 2495 supplex
442 2427 574 2496 peterem
597 2426 627 2478 et
648 2426 698 2478 tua
720 2417 820 2478 limina
844 2417 969 2487 adirem,

77 2502 155 2563 idem
178 2519 266 2562 orans
288 2501 424 2561 mandata
447 2500 545 2563 dabat.
586 2503 727 2582 gnatique
748 2502 914 2582 patrisque,

78 2587 168 2660 alma,
192 2604 313 2666 precor,
338 2586 477 2648 miserere
499 2588 595 2666 (potes
618 2605 747 2666 namque
769 2587 884 2661 omnia,
907 2605 963 2648 nec
987 2594 1015 2648 te

78 2672 257 2751 nequiquam
280 2670 354 2732 lucis
376 2671 486 2733 Hecate
506 2672 649 2751 praefecit
670 2672 817 2748 Auernis),

75 2757 102 2819 si
125 2757 222 2837 potuit
243 2757 337 2818 manis
358 2774 509 2819 arcessere
531 2757 667 2835 coniugis
689 2757 825 2837 Orpheus

79 2842 212 2904 Threicia
236 2842 329 2903 fretus
351 2841 459 2903 cithara
481 2841 647 2922 fidibusque
670 2842 802 2915 canoris,

78 2927 103 2989 si
124 2929 244 2989 fratrem
267 2926 369 2987 Pollux
393 2927 504 2988 alterna
526 2937 621 2990 morte
643 2926 767 2989 redemit

77 3013 159 3092 itque
181 3012 315 3091 reditque
338 3013 412 3073 viam
434 3013 554 3075 totiens.
598 3012 669 3110 quid
692 3012 804 3074 Thesea
825 3028 981 3091 magnum,

76 3098 148 3176 quid
170 3114 331 3158 memorem
355 3094 499 3158 Alciden?
533 3106 562 3159 et
583 3098 624 3158 mi
645 3116 740 3178 genus
761 3096 798 3158 ab
821 3097 888 3158 lore
910 3089 1052 3158 summo?

163 3181 283 3243 Talibus
305 3180 408 3242 orabat
429 3181 513 3242 dictis
535 3200 658 3285 arasque
679 3184 814 3256 tenebat,

74 3285 145 3327 cum
168 3266 211 3327 sio
233 3283 298 3326 orsa
321 3267 402 3345 loqui
424 3275 515 3327 rates:
547 3260 623 3329 ‘sate
645 3268 790 3348 sanguine
811 3267 923 3340 divom,

79 3350 153 3414 Tros
174 3350 366 3425 Anchisiade,
390 3350 481 3412 facilis
503 3350 664 3414 descensus
687 3356 818 3416 Averno:
901 3427 905 3435 ¹

80 3446 182 3499 noctes
204 3443 292 3514 atque
314 3436 376 3498 dies
398 3443 479 3515 patet
501 3436 556 3497 atri
579 3437 666 3499 ianua
689 3439 776 3512 Ditis;

74 3523 129 3585 sed
153 3539 289 3583 reuocare
312 3521 435 3600 gradum
457 3540 638 3602 superasque
660 3524 782 3584 evadere
805 3523 840 3584 ad
862 3539 962 3595 auras,

164 3677 193 3728 91
215 3676 318 3739 enm]q
320 3689 382 3724 uam
400 3671 523 3737 (adverb.)
542 3671 642 3726 Peerlir
711 3668 1047 3739 supermontem

79 3741 153 3794 Ribb.
172 3741 215 3804 (cs
233 3740 264 3792 od
282 3691 318 3792 Xq
324 3744 365 3794 49.
383 3740 425 3793 Xll
445 3743 502 3795 147.
516 3743 585 3807 626.)
656 3744 702 3794 tot
720 3744 861 3811 percepiy
862 3738 1014 3793 ²b¹mServ
1033 3741 1064 3805 (pr

74 3809 239 3862 (lass..¹l“lor
252 3806 360 3872 llamb..)
449 3807 663 3864 densescunt
681 3817 894 3924 colomagnum.
982 3809 1064 3862 rata

79 3873 226 3945 P²Ryb²car,
243 3876 275 3929 ci.
295 3875 365 3928 Serv.
1005 3924 1007 3929 .
