<?xml version="1.0" encoding="UTF-8"?>
<!DOCTYPE html PUBLIC "-//W3C//DTD XHTML 1.0 Transitional//EN"
    "http://www.w3.org/TR/xhtml1/DTD/xhtml1-transitional.dtd">
<html xmlns="http://www.w3.org/1999/xhtml" xml:lang="en" lang="en">
 <head>
  <title>
</title>
<meta http-equiv="Content-Type" content="text/html;charset=utf-8" />
  <meta name='ocr-system' content='tesseract 3.04.00' />
  <meta name='ocr-capabilities' content='ocr_page ocr_carea ocr_par ocr_line ocrx_word'/>
</head>
<body>
  <div class='ocr_page' id='page_1' title='image "./pvergilimaronis08virggoog/pvergilimaronis08virggoog_0010.png"; bbox 0 0 2286 4394; ppageno 0'>
   <div class='ocr_carea' id='block_1_1' title="bbox 390 776 725 899">
    <p class='ocr_par' dir='ltr' id='par_1_1' title="bbox 390 776 725 899">
     <span class='ocr_line' id='line_1_1' title="bbox 390 776 725 899; baseline -0.009 -1"><span class='ocrx_word' id='word_1_1' title='bbox 390 776 725 899; x_wconf 76' lang='grc'><strong>1111111110.</strong></span> 
     </span>
    </p>
   </div>
   <div class='ocr_carea' id='block_1_2' title="bbox 10 1029 1108 3993">
    <p class='ocr_par' dir='ltr' id='par_1_2' title="bbox 27 1029 1106 1709">
     <span class='ocr_line' id='line_1_2' title="bbox 113 1029 1105 1110; baseline -0.005 -16"><span class='ocrx_word' id='word_1_2' title='bbox 113 1034 228 1094; x_wconf 86' lang='lat' dir='ltr'>Novam</span> <span class='ocrx_word' id='word_1_3' title='bbox 244 1031 391 1093; x_wconf 77' lang='lat' dir='ltr'>Aeneidos</span> <span class='ocrx_word' id='word_1_4' title='bbox 406 1031 565 1093; x_wconf 76' lang='lat' dir='ltr'><strong>editionem</strong></span> <span class='ocrx_word' id='word_1_5' title='bbox 580 1041 614 1092; x_wconf 95' lang='lat' dir='ltr'>ut</span> <span class='ocrx_word' id='word_1_6' title='bbox 630 1031 790 1092; x_wconf 79' lang='lat' dir='ltr'>curandam</span> <span class='ocrx_word' id='word_1_7' title='bbox 805 1029 986 1110; x_wconf 78' lang='lat' dir='ltr'>susciperem</span> <span class='ocrx_word' id='word_1_8' title='bbox 1002 1046 1105 1090; x_wconf 88' lang='lat' dir='ltr'>exora-</span> 
     </span>
     <span class='ocr_line' id='line_1_3' title="bbox 27 1114 1103 1196; baseline -0.002 -18"><span class='ocrx_word' id='word_1_9' title='bbox 27 1129 85 1193; x_wconf 92' lang='lat' dir='ltr'>tus,</span> <span class='ocrx_word' id='word_1_10' title='bbox 109 1128 143 1179; x_wconf 94' lang='lat' dir='ltr'>ut</span> <span class='ocrx_word' id='word_1_11' title='bbox 164 1117 286 1196; x_wconf 83' lang='lat' dir='ltr'>vestigia</span> <span class='ocrx_word' id='word_1_12' title='bbox 305 1116 452 1195; x_wconf 88' lang='lat' dir='ltr'>Ladewigi</span> <span class='ocrx_word' id='word_1_13' title='bbox 474 1116 624 1196; x_wconf 91' lang='lat' dir='ltr'>sequenda</span> <span class='ocrx_word' id='word_1_14' title='bbox 646 1136 710 1178; x_wconf 90' lang='lat' dir='ltr'>csse</span> <span class='ocrx_word' id='word_1_15' title='bbox 732 1115 790 1176; x_wconf 89' lang='lat' dir='ltr'>vidi</span> <span class='ocrx_word' id='word_1_16' title='bbox 811 1114 957 1194; x_wconf 78' lang='lat' dir='ltr'>religiose,</span> <span class='ocrx_word' id='word_1_17' title='bbox 981 1115 1019 1177; x_wconf 92' lang='lat' dir='ltr'>ita</span> <span class='ocrx_word' id='word_1_18' title='bbox 1042 1134 1103 1176; x_wconf 93' lang='lat' dir='ltr'>non</span> 
     </span>
     <span class='ocr_line' id='line_1_4' title="bbox 31 1200 1105 1281; baseline -0.002 -18"><span class='ocrx_word' id='word_1_19' title='bbox 31 1203 103 1264; x_wconf 92' lang='lat' dir='ltr'>nihil</span> <span class='ocrx_word' id='word_1_20' title='bbox 118 1212 235 1264; x_wconf 89' lang='lat' dir='ltr'>mutare</span> <span class='ocrx_word' id='word_1_21' title='bbox 249 1203 381 1263; x_wconf 90' lang='lat' dir='ltr'>animum</span> <span class='ocrx_word' id='word_1_22' title='bbox 396 1201 506 1264; x_wconf 87' lang='lat' dir='ltr'>induxi.</span> <span class='ocrx_word' id='word_1_23' title='bbox 540 1210 627 1281; x_wconf 89' lang='lat' dir='ltr'>atquc</span> <span class='ocrx_word' id='word_1_24' title='bbox 643 1202 673 1262; x_wconf 94' lang='lat' dir='ltr'>in</span> <span class='ocrx_word' id='word_1_25' title='bbox 690 1200 905 1262; x_wconf 82' lang='lat' dir='ltr'>constituendis</span> <span class='ocrx_word' id='word_1_26' title='bbox 920 1209 1025 1281; x_wconf 92' lang='lat' dir='ltr'>poetae</span> <span class='ocrx_word' id='word_1_27' title='bbox 1040 1219 1105 1262; x_wconf 89' lang='lat' dir='ltr'>ver·</span> 
     </span>
     <span class='ocr_line' id='line_1_5' title="bbox 32 1285 1105 1368; baseline -0.002 -20"><span class='ocrx_word' id='word_1_28' title='bbox 32 1287 76 1349; x_wconf 93' lang='lat' dir='ltr'>bis</span> <span class='ocrx_word' id='word_1_29' title='bbox 98 1308 131 1349; x_wconf 92' lang='lat' dir='ltr'>ea</span> <span class='ocrx_word' id='word_1_30' title='bbox 155 1288 341 1368; x_wconf 91' lang='lat' dir='ltr'>potissimum</span> <span class='ocrx_word' id='word_1_31' title='bbox 362 1286 482 1361; x_wconf 89' lang='lat' dir='ltr'>retinui,</span> <span class='ocrx_word' id='word_1_32' title='bbox 505 1305 580 1366; x_wconf 88' lang='lat' dir='ltr'>quae</span> <span class='ocrx_word' id='word_1_33' title='bbox 602 1286 738 1348; x_wconf 88' lang='lat' dir='ltr'>codcxll</span> <span class='ocrx_word' id='word_1_34' title='bbox 762 1285 881 1348; x_wconf 80' lang='lat' dir='ltr'>exhibet</span> <span class='ocrx_word' id='word_1_35' title='bbox 902 1287 996 1367; x_wconf 91' lang='lat' dir='ltr'>prima</span> <span class='ocrx_word' id='word_1_36' title='bbox 1016 1304 1105 1347; x_wconf 90' lang='lat' dir='ltr'>manu</span> 
     </span>
     <span class='ocr_line' id='line_1_6' title="bbox 39 1370 1106 1452; baseline -0.001 -21"><span class='ocrx_word' id='word_1_37' title='bbox 39 1374 150 1452; x_wconf 86' lang='lat' dir='ltr'>scripta.</span> <span class='ocrx_word' id='word_1_38' title='bbox 187 1373 237 1435; x_wconf 93' lang='lat' dir='ltr'>sed</span> <span class='ocrx_word' id='word_1_39' title='bbox 253 1373 334 1447; x_wconf 90' lang='lat' dir='ltr'>falsa,</span> <span class='ocrx_word' id='word_1_40' title='bbox 349 1373 409 1434; x_wconf 87' lang='lat' dir='ltr'>sive</span> <span class='ocrx_word' id='word_1_41' title='bbox 425 1372 503 1452; x_wconf 89' lang='lat' dir='ltr'>quod</span> <span class='ocrx_word' id='word_1_42' title='bbox 519 1391 621 1433; x_wconf 88' lang='lat' dir='ltr'>errore</span> <span class='ocrx_word' id='word_1_43' title='bbox 636 1380 745 1434; x_wconf 89' lang='lat' dir='ltr'>mutata</span> <span class='ocrx_word' id='word_1_44' title='bbox 761 1380 831 1433; x_wconf 94' lang='lat' dir='ltr'>sunt</span> <span class='ocrx_word' id='word_1_45' title='bbox 845 1372 905 1433; x_wconf 91' lang='lat' dir='ltr'>sive</span> <span class='ocrx_word' id='word_1_46' title='bbox 919 1370 1106 1452; x_wconf 86' lang='lat' dir='ltr'>perpoliendi</span> 
     </span>
     <span class='ocr_line' id='line_1_7' title="bbox 42 1455 1105 1538; baseline -0.001 -21"><span class='ocrx_word' id='word_1_47' title='bbox 42 1458 128 1519; x_wconf 90' lang='lat' dir='ltr'>studio</span> <span class='ocrx_word' id='word_1_48' title='bbox 151 1460 275 1532; x_wconf 87' lang='lat' dir='ltr'>invecta,</span> <span class='ocrx_word' id='word_1_49' title='bbox 298 1458 373 1519; x_wconf 90' lang='lat' dir='ltr'>inll</span> <span class='ocrx_word' id='word_1_50' title='bbox 396 1476 515 1537; x_wconf 89' lang='lat' dir='ltr'>quoque</span> <span class='ocrx_word' id='word_1_51' title='bbox 538 1457 635 1519; x_wconf 90' lang='lat' dir='ltr'>inesse</span> <span class='ocrx_word' id='word_1_52' title='bbox 655 1457 726 1518; x_wconf 92' lang='lat' dir='ltr'>mihi</span> <span class='ocrx_word' id='word_1_53' title='bbox 748 1457 880 1538; x_wconf 84' lang='lat' dir='ltr'>persuasi</span> <span class='ocrx_word' id='word_1_54' title='bbox 903 1475 997 1536; x_wconf 91' lang='lat' dir='ltr'>eaque</span> <span class='ocrx_word' id='word_1_55' title='bbox 1017 1455 1105 1537; x_wconf 91' lang='lat' dir='ltr'>paulo</span> 
     </span>
     <span class='ocr_line' id='line_1_8' title="bbox 45 1543 1106 1623; baseline 0 -21"><span class='ocrx_word' id='word_1_56' title='bbox 45 1543 134 1620; x_wconf 88' lang='lat' dir='ltr'>plura,</span> <span class='ocrx_word' id='word_1_57' title='bbox 156 1562 245 1623; x_wconf 88' lang='lat' dir='ltr'>quam</span> <span class='ocrx_word' id='word_1_58' title='bbox 267 1543 394 1604; x_wconf 87' lang='lat' dir='ltr'>editores</span> <span class='ocrx_word' id='word_1_59' title='bbox 422 1543 618 1604; x_wconf 87' lang='lat' dir='ltr'>recentissimi</span> <span class='ocrx_word' id='word_1_60' title='bbox 641 1552 816 1604; x_wconf 90' lang='lat' dir='ltr'>statuerunt.</span> <span class='ocrx_word' id='word_1_61' title='bbox 859 1543 899 1604; x_wconf 90' lang='lat' dir='ltr'>ita</span> <span class='ocrx_word' id='word_1_62' title='bbox 921 1544 1030 1604; x_wconf 87' lang='lat' dir='ltr'>lactum</span> <span class='ocrx_word' id='word_1_63' title='bbox 1053 1551 1106 1613; x_wconf 85' lang='lat' dir='ltr'>est,</span> 
     </span>
     <span class='ocr_line' id='line_1_9' title="bbox 50 1625 1106 1709; baseline 0.002 -25"><span class='ocrx_word' id='word_1_64' title='bbox 50 1635 75 1686; x_wconf 91' lang='lat' dir='ltr'>ut</span> <span class='ocrx_word' id='word_1_65' title='bbox 92 1629 150 1690; x_wconf 91' lang='lat' dir='ltr'>aliis</span> <span class='ocrx_word' id='word_1_66' title='bbox 171 1628 244 1690; x_wconf 92' lang='lat' dir='ltr'>locis</span> <span class='ocrx_word' id='word_1_67' title='bbox 266 1628 443 1690; x_wconf 85' lang='lat' dir='ltr'>adiumentis</span> <span class='ocrx_word' id='word_1_68' title='bbox 465 1627 640 1690; x_wconf 91' lang='lat' dir='ltr'>codicumP</span> <span class='ocrx_word' id='word_1_69' title='bbox 663 1638 691 1689; x_wconf 90' lang='lat' dir='ltr'>et</span> <span class='ocrx_word' id='word_1_70' title='bbox 712 1651 731 1709; x_wconf 84' lang='lat' dir='ltr'><em>y</em></span> <span class='ocrx_word' id='word_1_71' title='bbox 753 1628 889 1709; x_wconf 91' lang='lat' dir='ltr'>praelatis</span> <span class='ocrx_word' id='word_1_72' title='bbox 910 1629 944 1690; x_wconf 90' lang='lat' dir='ltr'>ad</span> <span class='ocrx_word' id='word_1_73' title='bbox 962 1625 1106 1688; x_wconf 87' lang='lat' dir='ltr'>Ribbecki</span> 
     </span>
    </p>

    <p class='ocr_par' dir='ltr' id='par_1_3' title="bbox 10 1712 1107 2389">
     <span class='ocr_line' id='line_1_10' title="bbox 55 1712 1104 1794; baseline 0 -23"><span class='ocrx_word' id='word_1_74' title='bbox 55 1714 181 1793; x_wconf 88' lang='lat' dir='ltr'>exemplar</span> <span class='ocrx_word' id='word_1_75' title='bbox 202 1714 326 1794; x_wconf 88' lang='lat' dir='ltr'>propius</span> <span class='ocrx_word' id='word_1_76' title='bbox 352 1714 538 1788; x_wconf 89' lang='lat' dir='ltr'>accederem,</span> <span class='ocrx_word' id='word_1_77' title='bbox 568 1713 632 1774; x_wconf 92' lang='lat' dir='ltr'>aliis</span> <span class='ocrx_word' id='word_1_78' title='bbox 657 1722 824 1775; x_wconf 89' lang='lat' dir='ltr'>ceterorum</span> <span class='ocrx_word' id='word_1_79' title='bbox 851 1713 995 1775; x_wconf 84' lang='lat' dir='ltr'>librorum</span> <span class='ocrx_word' id='word_1_80' title='bbox 1018 1712 1104 1773; x_wconf 87' lang='lat' dir='ltr'>fldem</span> 
     </span>
     <span class='ocr_line' id='line_1_11' title="bbox 10 1796 1106 1876; baseline 0.002 -21"><span class='ocrx_word' id='word_1_81' title='bbox 10 1796 12 1803; x_wconf 90' lang='lat'>&#39;</span> <span class='ocrx_word' id='word_1_82' title='bbox 57 1799 226 1875; x_wconf 86' lang='lat' dir='ltr'>amplecterer</span> <span class='ocrx_word' id='word_1_83' title='bbox 254 1818 310 1860; x_wconf 89' lang='lat' dir='ltr'>nec</span> <span class='ocrx_word' id='word_1_84' title='bbox 339 1798 516 1874; x_wconf 86' lang='lat' dir='ltr'>doteriores,</span> <span class='ocrx_word' id='word_1_85' title='bbox 553 1798 647 1860; x_wconf 87' lang='lat' dir='ltr'>sicubi</span> <span class='ocrx_word' id='word_1_86' title='bbox 676 1798 796 1861; x_wconf 89' lang='lat' dir='ltr'>meliora</span> <span class='ocrx_word' id='word_1_87' title='bbox 827 1799 987 1872; x_wconf 92' lang='lat' dir='ltr'>haberent,</span> <span class='ocrx_word' id='word_1_88' title='bbox 1021 1797 1106 1876; x_wconf 88' lang='lat' dir='ltr'>sequi</span> 
     </span>
     <span class='ocr_line' id='line_1_12' title="bbox 60 1882 1107 1964; baseline 0.003 -25"><span class='ocrx_word' id='word_1_89' title='bbox 60 1897 159 1945; x_wconf 78' lang='lat' dir='ltr'>vererer.</span> <span class='ocrx_word' id='word_1_90' title='bbox 204 1902 280 1963; x_wconf 90' lang='lat' dir='ltr'>quae</span> <span class='ocrx_word' id='word_1_91' title='bbox 309 1893 405 1945; x_wconf 88' lang='lat' dir='ltr'>autem</span> <span class='ocrx_word' id='word_1_92' title='bbox 434 1884 614 1945; x_wconf 85' lang='lat' dir='ltr'>coniecturis</span> <span class='ocrx_word' id='word_1_93' title='bbox 635 1883 763 1945; x_wconf 90' lang='lat' dir='ltr'>editores</span> <span class='ocrx_word' id='word_1_94' title='bbox 792 1894 880 1964; x_wconf 89' lang='lat' dir='ltr'>atque</span> <span class='ocrx_word' id='word_1_95' title='bbox 903 1882 1107 1945; x_wconf 83' lang='lat' dir='ltr'>emendatores</span> 
     </span>
     <span class='ocr_line' id='line_1_13' title="bbox 62 1968 1106 2049; baseline 0.003 -25"><span class='ocrx_word' id='word_1_96' title='bbox 62 1971 165 2031; x_wconf 84' lang='lat' dir='ltr'>novanda</span> <span class='ocrx_word' id='word_1_97' title='bbox 182 1979 373 2043; x_wconf 91' lang='lat' dir='ltr'>censuerunt,</span> <span class='ocrx_word' id='word_1_98' title='bbox 390 1988 423 2030; x_wconf 91' lang='lat' dir='ltr'>ea</span> <span class='ocrx_word' id='word_1_99' title='bbox 438 1969 468 2030; x_wconf 93' lang='lat' dir='ltr'>in</span> <span class='ocrx_word' id='word_1_100' title='bbox 482 1977 652 2030; x_wconf 91' lang='lat' dir='ltr'>contextum</span> <span class='ocrx_word' id='word_1_101' title='bbox 668 1987 805 2030; x_wconf 87' lang='lat' dir='ltr'>versuum</span> <span class='ocrx_word' id='word_1_102' title='bbox 817 1969 961 2030; x_wconf 86' lang='lat' dir='ltr'>asciscere</span> <span class='ocrx_word' id='word_1_103' title='bbox 975 1968 1106 2049; x_wconf 88' lang='lat' dir='ltr'>plerum·</span> 
     </span>
     <span class='ocr_line' id='line_1_14' title="bbox 63 2051 1106 2133; baseline 0.003 -24"><span class='ocrx_word' id='word_1_104' title='bbox 63 2065 103 2123; x_wconf 81' lang='lat' dir='ltr'>que</span> <span class='ocrx_word' id='word_1_105' title='bbox 119 2055 252 2128; x_wconf 91' lang='lat' dir='ltr'>dubitavi,</span> <span class='ocrx_word' id='word_1_106' title='bbox 277 2074 336 2114; x_wconf 92' lang='lat' dir='ltr'>non</span> <span class='ocrx_word' id='word_1_107' title='bbox 353 2072 413 2133; x_wconf 93' lang='lat' dir='ltr'>quo</span> <span class='ocrx_word' id='word_1_108' title='bbox 429 2054 545 2132; x_wconf 85' lang='lat' dir='ltr'>integra</span> <span class='ocrx_word' id='word_1_109' title='bbox 561 2054 658 2115; x_wconf 91' lang='lat' dir='ltr'>omnia</span> <span class='ocrx_word' id='word_1_110' title='bbox 674 2054 750 2115; x_wconf 92' lang='lat' dir='ltr'>bene</span> <span class='ocrx_word' id='word_1_111' title='bbox 766 2073 797 2115; x_wconf 88' lang='lat' dir='ltr'>se</span> <span class='ocrx_word' id='word_1_112' title='bbox 812 2053 922 2114; x_wconf 89' lang='lat' dir='ltr'>babere</span> <span class='ocrx_word' id='word_1_113' title='bbox 936 2051 1106 2127; x_wconf 89' lang='lat' dir='ltr'>arbitrarer,</span> 
     </span>
     <span class='ocr_line' id='line_1_15' title="bbox 63 2135 1107 2224; baseline 0.002 -29.043"><span class='ocrx_word' id='word_1_114' title='bbox 63 2135 185 2224; x_wconf 80' lang='lat' dir='ltr'>eoquod</span> <span class='ocrx_word' id='word_1_115' title='bbox 208 2158 313 2218; x_wconf 89' lang='lat' dir='ltr'>parum</span> <span class='ocrx_word' id='word_1_116' title='bbox 334 2149 432 2219; x_wconf 89' lang='lat' dir='ltr'>potest</span> <span class='ocrx_word' id='word_1_117' title='bbox 453 2140 625 2214; x_wconf 87' lang='lat' dir='ltr'>internosci,</span> <span class='ocrx_word' id='word_1_118' title='bbox 648 2150 747 2200; x_wconf 90' lang='lat' dir='ltr'>utrum</span> <span class='ocrx_word' id='word_1_119' title='bbox 763 2138 821 2213; x_wconf 90' lang='lat' dir='ltr'>illa,</span> <span class='ocrx_word' id='word_1_120' title='bbox 845 2156 919 2218; x_wconf 89' lang='lat' dir='ltr'>quac</span> <span class='ocrx_word' id='word_1_121' title='bbox 941 2137 1107 2217; x_wconf 85' lang='lat' dir='ltr'>displicent,</span> 
     </span>
     <span class='ocr_line' id='line_1_16' title="bbox 63 2187 1105 2323; baseline 0 -40"><span class='ocrx_word' id='word_1_122' title='bbox 63 2213 204 2298; x_wconf 78' lang='lat' dir='ltr'>inperfecta</span> <span class='ocrx_word' id='word_1_123' title='bbox 227 2234 315 2304; x_wconf 91' lang='lat' dir='ltr'>atque</span> <span class='ocrx_word' id='word_1_124' title='bbox 330 2224 461 2323; x_wconf 86' lang='lat' dir='ltr'>impolita</span> <span class='ocrx_word' id='word_1_125' title='bbox 484 2187 637 2303; x_wconf 85' lang='lat' dir='ltr'>reliquerit</span> <span class='ocrx_word' id='word_1_126' title='bbox 657 2234 744 2304; x_wconf 92' lang='lat' dir='ltr'>poeta</span> <span class='ocrx_word' id='word_1_127' title='bbox 767 2244 805 2286; x_wconf 88' lang='lat' dir='ltr'>an</span> <span class='ocrx_word' id='word_1_128' title='bbox 829 2224 967 2286; x_wconf 85' lang='lat' dir='ltr'>librarius</span> <span class='ocrx_word' id='word_1_129' title='bbox 988 2223 1105 2304; x_wconf 89' lang='lat' dir='ltr'>quidam</span> 
     </span>
     <span class='ocr_line' id='line_1_17' title="bbox 64 2307 651 2389; baseline 0.007 -23"><span class='ocrx_word' id='word_1_130' title='bbox 64 2307 195 2387; x_wconf 78' lang='lat' dir='ltr'>neglegens</span> <span class='ocrx_word' id='word_1_131' title='bbox 217 2310 262 2371; x_wconf 90' lang='lat' dir='ltr'>vel</span> <span class='ocrx_word' id='word_1_132' title='bbox 283 2310 455 2371; x_wconf 89' lang='lat' dir='ltr'>temerarius</span> <span class='ocrx_word' id='word_1_133' title='bbox 476 2309 651 2389; x_wconf 87' lang='lat' dir='ltr'>depravarit.</span> 
     </span>
    </p>

    <p class='ocr_par' dir='ltr' id='par_1_4' title="bbox 122 2394 1108 2474">
     <span class='ocr_line' id='line_1_18' title="bbox 122 2394 1108 2474; baseline 0.001 -19"><span class='ocrx_word' id='word_1_134' title='bbox 122 2396 178 2456; x_wconf 82' lang='lat' dir='ltr'>llcc</span> <span class='ocrx_word' id='word_1_135' title='bbox 200 2395 315 2457; x_wconf 85' lang='lat' dir='ltr'>facibus</span> <span class='ocrx_word' id='word_1_136' title='bbox 337 2403 381 2456; x_wconf 88' lang='lat' dir='ltr'>est</span> <span class='ocrx_word' id='word_1_137' title='bbox 403 2395 479 2456; x_wconf 90' lang='lat' dir='ltr'>de</span> <span class='ocrx_word' id='word_1_138' title='bbox 461 2415 496 2456; x_wconf 90' lang='lat' dir='ltr'>us</span> <span class='ocrx_word' id='word_1_139' title='bbox 511 2395 584 2457; x_wconf 87' lang='lat' dir='ltr'>locis</span> <span class='ocrx_word' id='word_1_140' title='bbox 605 2395 745 2468; x_wconf 85' lang='lat' dir='ltr'>iudicare,</span> <span class='ocrx_word' id='word_1_141' title='bbox 768 2394 877 2474; x_wconf 91' lang='lat' dir='ltr'>quibus</span> <span class='ocrx_word' id='word_1_142' title='bbox 895 2405 945 2457; x_wconf 91' lang='lat' dir='ltr'>aut</span> <span class='ocrx_word' id='word_1_143' title='bbox 960 2396 1042 2457; x_wconf 89' lang='lat' dir='ltr'>hiare</span> <span class='ocrx_word' id='word_1_144' title='bbox 1057 2406 1108 2456; x_wconf 91' lang='lat' dir='ltr'>aut</span> 
     </span>
    </p>

    <p class='ocr_par' dir='ltr' id='par_1_5' title="bbox 63 2477 1107 2900">
     <span class='ocr_line' id='line_1_19' title="bbox 64 2477 1107 2564; baseline 0.006 -28"><span class='ocrx_word' id='word_1_145' title='bbox 64 2477 165 2564; x_wconf 65' lang='lat' dir='ltr'>vtisibus</span> <span class='ocrx_word' id='word_1_146' title='bbox 180 2480 332 2542; x_wconf 89' lang='lat' dir='ltr'>abundare</span> <span class='ocrx_word' id='word_1_147' title='bbox 343 2480 459 2541; x_wconf 86' lang='lat' dir='ltr'>videtur</span> <span class='ocrx_word' id='word_1_148' title='bbox 470 2498 569 2541; x_wconf 89' lang='lat' dir='ltr'>rerum</span> <span class='ocrx_word' id='word_1_149' title='bbox 581 2480 766 2560; x_wconf 89' lang='lat' dir='ltr'>compositio.</span> <span class='ocrx_word' id='word_1_150' title='bbox 797 2481 894 2560; x_wconf 88' lang='lat' dir='ltr'>itaque</span> <span class='ocrx_word' id='word_1_151' title='bbox 905 2491 1107 2560; x_wconf 90' lang='lat' dir='ltr'>transponen-</span> 
     </span>
     <span class='ocr_line' id='line_1_20' title="bbox 63 2551 1107 2646; baseline 0.005 -25"><span class='ocrx_word' id='word_1_152' title='bbox 63 2551 232 2628; x_wconf 73' lang='lat' dir='ltr'>barensibus</span> <span class='ocrx_word' id='word_1_153' title='bbox 254 2565 402 2627; x_wconf 89' lang='lat' dir='ltr'>rarissime</span> <span class='ocrx_word' id='word_1_154' title='bbox 424 2583 487 2626; x_wconf 91' lang='lat' dir='ltr'>rem</span> <span class='ocrx_word' id='word_1_155' title='bbox 509 2565 647 2645; x_wconf 89' lang='lat' dir='ltr'>expedire</span> <span class='ocrx_word' id='word_1_156' title='bbox 669 2564 779 2646; x_wconf 91' lang='lat' dir='ltr'>placuit</span> <span class='ocrx_word' id='word_1_157' title='bbox 801 2585 857 2627; x_wconf 89' lang='lat' dir='ltr'>nec</span> <span class='ocrx_word' id='word_1_158' title='bbox 875 2566 967 2627; x_wconf 93' lang='lat' dir='ltr'>multo</span> <span class='ocrx_word' id='word_1_159' title='bbox 990 2566 1107 2645; x_wconf 90' lang='lat' dir='ltr'>saepius</span> 
     </span>
     <span class='ocr_line' id='line_1_21' title="bbox 63 2635 1107 2731; baseline 0.004 -25"><span class='ocrx_word' id='word_1_160' title='bbox 63 2635 220 2713; x_wconf 72' lang='lat' dir='ltr'>tenuandis:</span> <span class='ocrx_word' id='word_1_161' title='bbox 250 2651 308 2711; x_wconf 89' lang='lat' dir='ltr'>boc</span> <span class='ocrx_word' id='word_1_162' title='bbox 330 2650 381 2711; x_wconf 94' lang='lat' dir='ltr'>ubi</span> <span class='ocrx_word' id='word_1_163' title='bbox 403 2651 475 2723; x_wconf 87' lang='lat' dir='ltr'>leci,</span> <span class='ocrx_word' id='word_1_164' title='bbox 505 2670 581 2730; x_wconf 88' lang='lat' dir='ltr'>quos</span> <span class='ocrx_word' id='word_1_165' title='bbox 603 2669 704 2712; x_wconf 87' lang='lat' dir='ltr'>versus</span> <span class='ocrx_word' id='word_1_166' title='bbox 725 2650 797 2711; x_wconf 92' lang='lat' dir='ltr'>boni</span> <span class='ocrx_word' id='word_1_167' title='bbox 819 2650 886 2712; x_wconf 92' lang='lat' dir='ltr'>libri</span> <span class='ocrx_word' id='word_1_168' title='bbox 908 2652 1107 2731; x_wconf 85' lang='lat' dir='ltr'>suppeditant,</span> 
     </span>
     <span class='ocr_line' id='line_1_22' title="bbox 63 2735 1106 2816; baseline 0.003 -22"><span class='ocrx_word' id='word_1_169' title='bbox 63 2737 191 2797; x_wconf 65' lang='grc' dir='ltr'>θ01111111</span> <span class='ocrx_word' id='word_1_170' title='bbox 214 2736 363 2815; x_wconf 91' lang='lat' dir='ltr'>quadratis</span> <span class='ocrx_word' id='word_1_171' title='bbox 384 2735 507 2809; x_wconf 89' lang='lat' dir='ltr'>seclusi,</span> <span class='ocrx_word' id='word_1_172' title='bbox 537 2754 631 2797; x_wconf 92' lang='lat' dir='ltr'>unum</span> <span class='ocrx_word' id='word_1_173' title='bbox 653 2735 695 2796; x_wconf 95' lang='lat' dir='ltr'>lll</span> <span class='ocrx_word' id='word_1_174' title='bbox 716 2736 777 2798; x_wconf 83' lang='lat'>230</span> <span class='ocrx_word' id='word_1_175' title='bbox 801 2736 946 2797; x_wconf 89' lang='lat' dir='ltr'>adimam</span> <span class='ocrx_word' id='word_1_176' title='bbox 969 2736 1106 2816; x_wconf 88' lang='lat' dir='ltr'>paginam</span> 
     </span>
     <span class='ocr_line' id='line_1_23' title="bbox 63 2781 1106 2900; baseline 0.004 -22"><span class='ocrx_word' id='word_1_177' title='bbox 63 2811 174 2897; x_wconf 65' lang='lat' dir='ltr'>relegam</span> <span class='ocrx_word' id='word_1_178' title='bbox 191 2839 268 2900; x_wconf 90' lang='lat' dir='ltr'>quos</span> <span class='ocrx_word' id='word_1_179' title='bbox 288 2821 451 2882; x_wconf 91' lang='lat' dir='ltr'>deteriores</span> <span class='ocrx_word' id='word_1_180' title='bbox 466 2781 520 2882; x_wconf 92' lang='lat' dir='ltr'>soli</span> <span class='ocrx_word' id='word_1_181' title='bbox 536 2820 657 2895; x_wconf 93' lang='lat' dir='ltr'>addunt,</span> <span class='ocrx_word' id='word_1_182' title='bbox 680 2839 732 2882; x_wconf 90' lang='lat' dir='ltr'>eos</span> <span class='ocrx_word' id='word_1_183' title='bbox 749 2819 853 2883; x_wconf 89' lang='lat' dir='ltr'>litteris</span> <span class='ocrx_word' id='word_1_184' title='bbox 868 2820 934 2882; x_wconf 90' lang='lat' dir='ltr'>dedi</span> <span class='ocrx_word' id='word_1_185' title='bbox 950 2820 1106 2882; x_wconf 90' lang='lat' dir='ltr'>inclinatis</span> 
     </span>
    </p>

    <p class='ocr_par' dir='ltr' id='par_1_6' title="bbox 63 2899 1108 2987">
     <span class='ocr_line' id='line_1_24' title="bbox 63 2899 1108 2987; baseline 0.001 -20.022"><span class='ocrx_word' id='word_1_186' title='bbox 63 2899 247 2985; x_wconf 70' lang='lat' dir='ltr'>8ttlgermana</span> <span class='ocrx_word' id='word_1_187' title='bbox 270 2925 389 2986; x_wconf 88' lang='lat' dir='ltr'>quoque</span> <span class='ocrx_word' id='word_1_188' title='bbox 412 2906 590 2967; x_wconf 90' lang='lat' dir='ltr'>narrationis</span> <span class='ocrx_word' id='word_1_189' title='bbox 618 2905 749 2966; x_wconf 90' lang='lat' dir='ltr'>membra</span> <span class='ocrx_word' id='word_1_190' title='bbox 776 2916 827 2967; x_wconf 89' lang='lat' dir='ltr'>aut</span> <span class='ocrx_word' id='word_1_191' title='bbox 847 2925 953 2987; x_wconf 94' lang='lat' dir='ltr'>parum</span> <span class='ocrx_word' id='word_1_192' title='bbox 975 2906 1054 2968; x_wconf 87' lang='lat' dir='ltr'>inter</span> <span class='ocrx_word' id='word_1_193' title='bbox 1075 2927 1108 2968; x_wconf 88' lang='lat' dir='ltr'>sc</span> 
     </span>
    </p>

    <p class='ocr_par' dir='ltr' id='par_1_7' title="bbox 46 2984 1108 3923">
     <span class='ocr_line' id='line_1_25' title="bbox 64 2984 1106 3053; baseline 0.005 -5.118"><span class='ocrx_word' id='word_1_194' title='bbox 64 2984 194 3052; x_wconf 67' lang='lat' dir='ltr'>cohaerent</span> <span class='ocrx_word' id='word_1_195' title='bbox 207 3000 259 3053; x_wconf 89' lang='lat' dir='ltr'>aut</span> <span class='ocrx_word' id='word_1_196' title='bbox 280 2991 370 3053; x_wconf 91' lang='lat' dir='ltr'>rebus</span> <span class='ocrx_word' id='word_1_197' title='bbox 384 2991 529 3053; x_wconf 93' lang='lat' dir='ltr'>similibus</span> <span class='ocrx_word' id='word_1_198' title='bbox 543 2991 588 3051; x_wconf 87' lang='lat' dir='ltr'>vel</span> <span class='ocrx_word' id='word_1_199' title='bbox 603 2991 759 3052; x_wconf 89' lang='lat' dir='ltr'>contrariis</span> <span class='ocrx_word' id='word_1_200' title='bbox 774 3010 790 3051; x_wconf 92' lang='lat' dir='ltr'>a</span> <span class='ocrx_word' id='word_1_201' title='bbox 805 3000 984 3053; x_wconf 87' lang='lat' dir='ltr'>retractante</span> <span class='ocrx_word' id='word_1_202' title='bbox 999 2991 1106 3053; x_wconf 89' lang='lat' dir='ltr'>librum</span> 
     </span>
     <span class='ocr_line' id='line_1_26' title="bbox 63 3076 1108 3158; baseline -0.002 -17.998"><span class='ocrx_word' id='word_1_203' title='bbox 63 3080 124 3158; x_wconf 73' lang='lat' dir='ltr'>lteta</span> <span class='ocrx_word' id='word_1_204' title='bbox 143 3077 305 3138; x_wconf 88' lang='lat' dir='ltr'>interiectis</span> <span class='ocrx_word' id='word_1_205' title='bbox 320 3096 380 3137; x_wconf 91' lang='lat' dir='ltr'>non</span> <span class='ocrx_word' id='word_1_206' title='bbox 397 3076 475 3137; x_wconf 92' lang='lat' dir='ltr'>bene</span> <span class='ocrx_word' id='word_1_207' title='bbox 490 3076 666 3156; x_wconf 89' lang='lat' dir='ltr'>procedunt.</span> <span class='ocrx_word' id='word_1_208' title='bbox 704 3094 779 3155; x_wconf 90' lang='lat' dir='ltr'>quae</span> <span class='ocrx_word' id='word_1_209' title='bbox 795 3077 872 3151; x_wconf 92' lang='lat' dir='ltr'>vitia,</span> <span class='ocrx_word' id='word_1_210' title='bbox 895 3077 1034 3155; x_wconf 90' lang='lat' dir='ltr'>quoniam</span> <span class='ocrx_word' id='word_1_211' title='bbox 1051 3096 1108 3138; x_wconf 90' lang='lat' dir='ltr'>nec</span> 
     </span>
     <span class='ocr_line' id='line_1_27' title="bbox 63 3148 1106 3258; baseline 0.004 -40"><span class='ocrx_word' id='word_1_212' title='bbox 63 3148 192 3223; x_wconf 78' lang='lat' dir='ltr'>inserendo</span> <span class='ocrx_word' id='word_1_213' title='bbox 217 3180 273 3222; x_wconf 91' lang='lat' dir='ltr'>nec</span> <span class='ocrx_word' id='word_1_214' title='bbox 300 3162 459 3223; x_wconf 89' lang='lat' dir='ltr'>resecando</span> <span class='ocrx_word' id='word_1_215' title='bbox 482 3162 552 3222; x_wconf 88' lang='lat' dir='ltr'>licet</span> <span class='ocrx_word' id='word_1_216' title='bbox 573 3161 750 3258; x_wconf 77' lang='lat' dir='ltr'>exstirpare,</span> <span class='ocrx_word' id='word_1_217' title='bbox 781 3163 864 3223; x_wconf 89' lang='lat' dir='ltr'>multi</span> <span class='ocrx_word' id='word_1_218' title='bbox 894 3181 954 3222; x_wconf 93' lang='lat' dir='ltr'>non</span> <span class='ocrx_word' id='word_1_219' title='bbox 984 3170 1106 3224; x_wconf 85' lang='lat' dir='ltr'>curant:</span> 
     </span>
     <span class='ocr_line' id='line_1_28' title="bbox 62 3243 1107 3325; baseline 0.004 -22"><span class='ocrx_word' id='word_1_220' title='bbox 62 3243 215 3318; x_wconf 74' lang='lat' dir='ltr'>tquidem</span> <span class='ocrx_word' id='word_1_221' title='bbox 192 3267 216 3308; x_wconf 83' lang='lat' dir='ltr'>si</span> <span class='ocrx_word' id='word_1_222' title='bbox 242 3266 301 3307; x_wconf 93' lang='lat' dir='ltr'>non</span> <span class='ocrx_word' id='word_1_223' title='bbox 325 3249 435 3320; x_wconf 88' lang='lat' dir='ltr'>omnia,</span> <span class='ocrx_word' id='word_1_224' title='bbox 466 3256 495 3306; x_wconf 92' lang='lat' dir='ltr'>at</span> <span class='ocrx_word' id='word_1_225' title='bbox 516 3246 684 3325; x_wconf 88' lang='lat' dir='ltr'>gravissima</span> <span class='ocrx_word' id='word_1_226' title='bbox 706 3247 837 3308; x_wconf 91' lang='lat' dir='ltr'>modeste</span> <span class='ocrx_word' id='word_1_227' title='bbox 859 3246 997 3325; x_wconf 87' lang='lat' dir='ltr'>detegere</span> <span class='ocrx_word' id='word_1_228' title='bbox 1019 3247 1107 3308; x_wconf 90' lang='lat' dir='ltr'>malui</span> 
     </span>
     <span class='ocr_line' id='line_1_29' title="bbox 61 3332 1108 3412; baseline 0.002 -21"><span class='ocrx_word' id='word_1_229' title='bbox 61 3340 124 3402; x_wconf 76' lang='lat' dir='ltr'>tuam</span> <span class='ocrx_word' id='word_1_230' title='bbox 143 3332 262 3394; x_wconf 89' lang='lat' dir='ltr'>silentio</span> <span class='ocrx_word' id='word_1_231' title='bbox 284 3333 420 3394; x_wconf 89' lang='lat' dir='ltr'>transire.</span> <span class='ocrx_word' id='word_1_232' title='bbox 457 3332 556 3410; x_wconf 88' lang='lat' dir='ltr'>itaque</span> <span class='ocrx_word' id='word_1_233' title='bbox 570 3350 632 3392; x_wconf 94' lang='lat' dir='ltr'>non</span> <span class='ocrx_word' id='word_1_234' title='bbox 656 3349 723 3392; x_wconf 90' lang='lat' dir='ltr'>raro</span> <span class='ocrx_word' id='word_1_235' title='bbox 745 3333 866 3394; x_wconf 89' lang='lat' dir='ltr'>lacunas</span> <span class='ocrx_word' id='word_1_236' title='bbox 886 3333 984 3393; x_wconf 91' lang='lat' dir='ltr'>notavi</span> <span class='ocrx_word' id='word_1_237' title='bbox 1005 3333 1108 3412; x_wconf 90' lang='lat' dir='ltr'>paucis</span> 
     </span>
     <span class='ocr_line' id='line_1_30' title="bbox 59 3416 1107 3498; baseline 0.003 -26"><span class='ocrx_word' id='word_1_238' title='bbox 59 3417 153 3485; x_wconf 83' lang='lat' dir='ltr'>punctis</span> <span class='ocrx_word' id='word_1_239' title='bbox 175 3418 318 3498; x_wconf 88' lang='lat' dir='ltr'>appositis</span> <span class='ocrx_word' id='word_1_240' title='bbox 339 3419 386 3495; x_wconf 88' lang='lat' dir='ltr'>(ox</span> <span class='ocrx_word' id='word_1_241' title='bbox 404 3417 584 3497; x_wconf 84' lang='lat' dir='ltr'>imperfectis</span> <span class='ocrx_word' id='word_1_242' title='bbox 605 3416 738 3479; x_wconf 87' lang='lat' dir='ltr'>versibus</span> <span class='ocrx_word' id='word_1_243' title='bbox 760 3418 855 3479; x_wconf 91' lang='lat' dir='ltr'>solum</span> <span class='ocrx_word' id='word_1_244' title='bbox 869 3417 910 3478; x_wconf 96' lang='lat' dir='ltr'>lll</span> <span class='ocrx_word' id='word_1_245' title='bbox 927 3418 1016 3495; x_wconf 82' lang='lat'>340);</span> <span class='ocrx_word' id='word_1_246' title='bbox 1039 3416 1107 3477; x_wconf 91' lang='lat' dir='ltr'>tibi-</span> 
     </span>
     <span class='ocr_line' id='line_1_31' title="bbox 57 3495 1107 3601; baseline 0.008 -45"><span class='ocrx_word' id='word_1_247' title='bbox 57 3495 119 3562; x_wconf 82' lang='lat' dir='ltr'>cincs</span> <span class='ocrx_word' id='word_1_248' title='bbox 137 3512 236 3564; x_wconf 92' lang='lat' dir='ltr'>autem</span> <span class='ocrx_word' id='word_1_249' title='bbox 260 3504 410 3582; x_wconf 89' lang='lat' dir='ltr'>quosdam,</span> <span class='ocrx_word' id='word_1_250' title='bbox 433 3502 682 3600; x_wconf 81' lang='lat' dir='ltr'>quosvocavitV.</span> <span class='ocrx_word' id='word_1_251' title='bbox 700 3503 748 3580; x_wconf 85' lang='lat' dir='ltr'>(ci.</span> <span class='ocrx_word' id='word_1_252' title='bbox 767 3522 795 3601; x_wconf 85' lang='lat' dir='ltr'>p.</span> <span class='ocrx_word' id='word_1_253' title='bbox 813 3503 908 3601; x_wconf 79' lang='lat'><strong>303§</strong></span> <span class='ocrx_word' id='word_1_254' title='bbox 927 3502 987 3580; x_wconf 83' lang='lat'>11),</span> <span class='ocrx_word' id='word_1_255' title='bbox 1010 3510 1039 3562; x_wconf 90' lang='lat' dir='ltr'>et</span> <span class='ocrx_word' id='word_1_256' title='bbox 1061 3520 1107 3564; x_wconf 89' lang='lat' dir='ltr'>se-</span> 
     </span>
     <span class='ocr_line' id='line_1_32' title="bbox 55 3587 1108 3684; baseline 0.006 -42"><span class='ocrx_word' id='word_1_257' title='bbox 55 3587 199 3648; x_wconf 88' lang='lat' dir='ltr'>cundarum</span> <span class='ocrx_word' id='word_1_258' title='bbox 230 3605 367 3649; x_wconf 89' lang='lat' dir='ltr'>curarum</span> <span class='ocrx_word' id='word_1_259' title='bbox 397 3588 516 3666; x_wconf 87' lang='lat' dir='ltr'>vestigia</span> <span class='ocrx_word' id='word_1_260' title='bbox 546 3587 707 3666; x_wconf 85' lang='lat' dir='ltr'>significavi</span> <span class='ocrx_word' id='word_1_261' title='bbox 740 3589 895 3684; x_wconf 90' lang='lat' dir='ltr'>principiis</span> <span class='ocrx_word' id='word_1_262' title='bbox 924 3605 1063 3648; x_wconf 89' lang='lat' dir='ltr'>versuum</span> <span class='ocrx_word' id='word_1_263' title='bbox 1092 3607 1108 3648; x_wconf 92' lang='lat' dir='ltr'>a</span> 
     </span>
     <span class='ocr_line' id='line_1_33' title="bbox 52 3670 1108 3753; baseline 0 -23"><span class='ocrx_word' id='word_1_264' title='bbox 52 3670 121 3735; x_wconf 87' lang='lat' dir='ltr'>solito</span> <span class='ocrx_word' id='word_1_265' title='bbox 136 3672 270 3750; x_wconf 91' lang='lat' dir='ltr'>margine</span> <span class='ocrx_word' id='word_1_266' title='bbox 286 3673 436 3753; x_wconf 90' lang='lat' dir='ltr'>paululum</span> <span class='ocrx_word' id='word_1_267' title='bbox 460 3673 590 3747; x_wconf 88' lang='lat' dir='ltr'>remotis,</span> <span class='ocrx_word' id='word_1_268' title='bbox 613 3682 646 3734; x_wconf 94' lang='lat' dir='ltr'>ut</span> <span class='ocrx_word' id='word_1_269' title='bbox 663 3673 687 3733; x_wconf 90' lang='lat' dir='ltr'>si</span> <span class='ocrx_word' id='word_1_270' title='bbox 703 3672 769 3751; x_wconf 90' lang='lat' dir='ltr'>quis</span> <span class='ocrx_word' id='word_1_271' title='bbox 784 3672 851 3734; x_wconf 92' lang='lat' dir='ltr'>velit</span> <span class='ocrx_word' id='word_1_272' title='bbox 866 3673 1002 3733; x_wconf 91' lang='lat' dir='ltr'>omittere</span> <span class='ocrx_word' id='word_1_273' title='bbox 1023 3673 1108 3734; x_wconf 84' lang='lat' dir='ltr'>facile</span> 
     </span>
     <span class='ocr_line' id='line_1_34' title="bbox 47 3756 1107 3837; baseline -0.002 -17"><span class='ocrx_word' id='word_1_274' title='bbox 47 3759 135 3836; x_wconf 84' lang='lat' dir='ltr'>possit.</span> <span class='ocrx_word' id='word_1_275' title='bbox 173 3758 246 3820; x_wconf 90' lang='lat' dir='ltr'>haec</span> <span class='ocrx_word' id='word_1_276' title='bbox 274 3777 342 3820; x_wconf 94' lang='lat' dir='ltr'>cum</span> <span class='ocrx_word' id='word_1_277' title='bbox 369 3757 502 3832; x_wconf 83' lang='lat' dir='ltr'>distinxi,</span> <span class='ocrx_word' id='word_1_278' title='bbox 531 3775 617 3819; x_wconf 87' lang='lat' dir='ltr'>verae</span> <span class='ocrx_word' id='word_1_279' title='bbox 645 3756 724 3818; x_wconf 90' lang='lat' dir='ltr'>laudi</span> <span class='ocrx_word' id='word_1_280' title='bbox 754 3766 858 3837; x_wconf 87' lang='lat' dir='ltr'>poetae</span> <span class='ocrx_word' id='word_1_281' title='bbox 887 3767 1030 3819; x_wconf 91' lang='lat' dir='ltr'>nontam</span> <span class='ocrx_word' id='word_1_282' title='bbox 1055 3757 1107 3818; x_wconf 94' lang='lat' dir='ltr'>ob·</span> 
     </span>
     <span class='ocr_line' id='line_1_35' title="bbox 46 3842 720 3923; baseline -0.004 -19"><span class='ocrx_word' id='word_1_283' title='bbox 46 3851 175 3908; x_wconf 83' lang='lat' dir='ltr'>uectasse</span> <span class='ocrx_word' id='word_1_284' title='bbox 197 3861 285 3922; x_wconf 88' lang='lat' dir='ltr'>quam</span> <span class='ocrx_word' id='word_1_285' title='bbox 307 3843 494 3923; x_wconf 84' lang='lat' dir='ltr'>prospexisse</span> <span class='ocrx_word' id='word_1_286' title='bbox 517 3842 588 3903; x_wconf 92' lang='lat' dir='ltr'>mibi</span> <span class='ocrx_word' id='word_1_287' title='bbox 611 3842 720 3904; x_wconf 85' lang='lat' dir='ltr'>videor.</span> 
     </span>
    </p>

    <p class='ocr_par' dir='ltr' id='par_1_8' title="bbox 932 3943 969 3993">
     <span class='ocr_line' id='line_1_36' title="bbox 932 3943 969 3993; baseline 0 -14"><span class='ocrx_word' id='word_1_288' title='bbox 932 3943 969 3993; x_wconf 49' lang='grc' dir='ltr'><strong>ᾖ</strong></span> 
     </span>
    </p>
   </div>
   <div class='ocr_carea' id='block_1_3' title="bbox 0 0 1148 4394">
    <p class='ocr_par' dir='ltr' id='par_1_9' title="bbox 0 0 1148 4394">
     <span class='ocr_line' id='line_1_37' title="bbox 0 0 1148 4394; baseline 0 0"><span class='ocrx_word' id='word_1_289' title='bbox 0 0 1148 4394; x_wconf 95' lang='lat' dir='ltr'> </span> 
     </span>
    </p>
   </div>
  </div>
 </body>
</html>
