2286 4394
42 224 103 283 142
417 223 444 276 P.
458 222 585 275 vendut
601 221 748 276 hanchis

41 397 148 459 talibus
172 397 326 458 Aeneadae
350 396 436 457 donis
458 396 602 473 dictisque
624 394 721 456 Latini

41 482 181 545 sublimes
204 482 233 542 in
258 481 341 560 equis
364 482 490 542 redeunt
511 498 674 559 pacemque
697 487 863 559 reportant.
1059 485 1090 538 lt'a

126 567 203 627 Ecce
225 576 322 628 autern
346 565 474 627 lnacbiis
496 584 560 626 sese
583 563 730 626 referebat
752 563 790 625 ab
814 565 900 644 Argis

40 671 121 714 saeva
144 652 220 713 lovis
241 652 373 712 coniunx
394 669 539 728 aurasque
560 650 675 711 invecta
697 650 832 724 tenebat,

40 747 70 799 et
90 738 199 799 laetum
223 738 343 798 tenear
366 736 547 813 classemque
570 754 605 795 ex
627 735 746 796 aethere
770 735 860 813 longe

41 823 216 884 Dardaniam
240 822 340 882 Siculo
364 820 515 899 prospexit
538 819 574 880 ab
598 838 693 898 usque
716 820 866 901 Pachyno.

40 908 137 969 moliri
160 908 216 968 iarn
239 916 316 968 tecta
338 906 429 978 videt,
453 906 508 965 iam
532 905 622 965 ssdere
644 913 756 979 terrae,

40 993 205 1054 deseruisse
227 1000 318 1052 rates:
341 990 421 1052 stetit
444 990 504 1051 acri
526 990 581 1050 lixa
604 990 716 1051 dolore.

41 1086 102 1139 tum
126 1096 268 1158 quassans
290 1084 380 1154 caput
400 1075 473 1136 haec
496 1073 621 1135 ellundit
643 1083 763 1154 pectore
786 1074 880 1135 dicta:

37 1157 108 1223 ‘beu
131 1164 253 1241 stirpem
275 1161 398 1222 invisam
421 1169 451 1220 et
472 1160 539 1220 latis
561 1159 710 1220 contraria
736 1160 846 1221 nostris

40 1248 97 1307 lata
121 1246 282 1326 Phrygum!
307 1264 378 1306 num
403 1245 496 1322 Sigeis
519 1244 695 1306 occumbere
717 1245 843 1324 campis,

40 1350 112 1392 num
136 1331 213 1409 capti
236 1341 359 1409 potuere
384 1327 471 1410 capil
495 1348 567 1390 num
590 1330 713 1392 incensa
735 1329 877 1391 cremavit

40 1415 129 1475 Troia
150 1412 250 1476 viros?
273 1415 383 1476 medias
406 1415 483 1475 acies
505 1413 678 1494 mediosque
701 1433 756 1494 per
778 1415 856 1494 ignis

40 1501 180 1561 invenere
203 1501 287 1560 viam.
333 1510 370 1573 at,
393 1501 498 1571 credo,
522 1517 584 1560 mea
608 1500 728 1561 numina
754 1501 872 1561 tandem

41 1586 116 1645 lessa
139 1585 251 1658 iacent,
275 1584 349 1645 odiis
372 1594 422 1645 aut
444 1594 608 1646 exsaturata
631 1585 736 1664 quievi.

40 1670 111 1747 quin
137 1670 223 1730 ctiam
247 1670 340 1748 patria
363 1689 501 1731 excussos
523 1669 629 1731 infesta
652 1688 705 1750 per
729 1668 824 1730 undas

40 1773 109 1816 ausa
131 1755 216 1833 sequi
239 1764 268 1815 et
290 1755 423 1832 profugis
446 1762 507 1815 toto
531 1772 579 1815 me
602 1773 757 1835 opponere
779 1754 890 1832 pontol
1075 1742 1113 1815 thu

40 1840 212 1918 absumptae
236 1840 264 1900 in
288 1839 420 1900 Teucros
443 1839 518 1902 vires
540 1839 673 1918 caelique
695 1838 852 1916 marisque.

39 1926 110 2004 quid
132 1926 232 2005 Syrtes
254 1934 304 1985 aut
327 1924 421 2004 Scylla
445 1923 530 1994 mihi,
556 1925 624 2003 quid
649 1932 726 1985 vasta
749 1923 911 2004 Charybdis

38 2007 172 2090 proluit?
195 2019 296 2090 optato
321 2011 492 2071 conduntur
514 2008 671 2089 Thybridis
694 2009 775 2070 alveo

39 2096 136 2157 securi
160 2096 256 2174 pelagi
280 2104 367 2173 atque
390 2095 457 2155 mei.
502 2094 579 2155 Mars
601 2093 726 2172 perdere
749 2101 868 2173 gentem

39 2183 197 2242 immanem
222 2180 379 2260 Lapithum
402 2179 507 2251 valuit,
531 2179 679 2240 concessit
700 2178 731 2240 in
755 2180 814 2240 iras
1075 2191 1116 2241 att

38 2266 101 2346 ipse
125 2268 211 2325 deum
235 2265 385 2343 antiquam
408 2264 526 2343 genitor
549 2263 696 2343 Calydona
721 2264 829 2325 Dianae

39 2352 129 2429 (quod
153 2350 249 2410 scelos
272 2359 322 2409 aut
344 2349 475 2429 Lapithis
498 2358 613 2410 tantum
635 2358 687 2410 aut
709 2348 856 2429 Calydone
878 2347 1064 2424 merente‘ll:

38 2444 81 2495 ast
104 2453 174 2512 ego,
199 2452 304 2512 magna
328 2434 402 2494 lovis
425 2433 574 2505 coniunx,
600 2434 641 2495 nil
663 2434 800 2513 linquere
822 2434 958 2497 inausum

38 2537 113 2596 quae
136 2519 219 2598 potui
243 2518 360 2593 infelix,
384 2537 460 2598 quae
482 2530 591 2581 memet
613 2519 642 2579 in
667 2519 765 2581 omnia
789 2519 879 2592 verti,

37 2602 140 2663 vincor
162 2603 198 2663 ab
223 2606 330 2665 Aenea.
375 2605 453 2682 quod
477 2605 501 2666 si
524 2623 590 2665 mea
612 2605 735 2665 numina
758 2623 819 2667 non
843 2613 914 2665 sunt
1074 2614 1117 2665 alo

38 2706 143 2768 magna
159 2689 238 2763 satis,
255 2689 386 2749 dubitem
398 2690 474 2750 haud
487 2690 623 2768 equidem
636 2689 803 2769 implorare,
821 2690 900 2767 quod
914 2707 1038 2767 usquam
1057 2698 1115 2750 est:

38 2774 155 2834 ilecterc
178 2774 202 2834 si
226 2793 341 2853 nequeo
364 2794 504 2854 superos,
527 2776 697 2835 Acheronta
719 2774 853 2835 movebo.

38 2879 99 2919 non
123 2858 239 2919 dabitur
261 2860 362 2938 regnis
385 2862 471 2936 (esto)
495 2859 654 2939 prohibere
676 2859 788 2920 Latinis

36 2953 124 3023 atque
147 2945 266 3005 immota
289 2954 389 3005 manet
411 2945 477 3006 satis
501 2945 618 3006 Lavinia
641 2944 789 3017 coniunx;

36 3031 205 3090 attrahere
229 3038 316 3107 atque
339 3048 441 3090 moras
458 3031 548 3091 tantis
570 3031 638 3092 licet
659 3028 766 3090 addere
788 3028 893 3101 rebus,
1072 3038 1116 3089 ata

35 3122 64 3172 at
87 3113 154 3173 licet
177 3114 331 3174 amborum
355 3115 481 3195 populos
503 3115 675 3176 exscindere
698 3132 810 3192 regum.

36 3197 89 3257 hac
113 3217 205 3277 gener
227 3208 315 3276 atque
339 3217 423 3261 socer
445 3211 552 3261 coeant
574 3200 710 3261 mercede
732 3198 870 3261 suoruml

35 3283 179 3359 sanguine
202 3283 331 3344 Troiano
354 3292 384 3344 ct
405 3285 515 3346 Rutulo
539 3285 695 3357 dotabere‚
717 3284 815 3362 virgo,

36 3377 64 3428 et
87 3367 207 3428 Rellona
231 3377 331 3431 manet
353 3378 381 3429 te
404 3371 550 3447 pronuba.
596 3389 651 3431 nec
674 3371 736 3430 lace
759 3378 874 3430 tantum

35 3452 140 3515 Cisseis
162 3473 331 3533 praegnans
354 3455 430 3532 ignis
453 3455 538 3515 enixa
562 3455 680 3535 iugalis,

35 3539 105 3616 quin
130 3539 207 3599 idem
232 3539 338 3599 Veneri
360 3547 461 3617 partus
483 3558 555 3600 suus
578 3549 607 3600 et
630 3540 710 3601 Paris
732 3539 806 3600 alter

35 3625 229 3703 funestaeque
252 3626 358 3685 iterum
382 3623 507 3685 recidiva
531 3625 560 3684 in
586 3624 727 3704 Pergama
750 3614 868 3685 taedae.³

55 3737 64 3741 —
120 3776 170 3827 288
189 3740 312 3840 leopold
400 3777 448 3826 298
468 3779 524 3837 aret]
544 3775 617 3825 barad
634 3774 731 3843 My¹a¹c
813 3778 860 3828 307
880 3773 1012 3839 Lapithae
1030 3771 1069 3824 Μ’

33 3840 388 3960 glagygzonclm'dalpdona
408 3841 510 3911 F2M²yb
595 3848 724 3892 merentes
743 3843 781 3894 Μ1
815 3846 958 3893 merentem
977 3839 1112 3910 Fll²y¹bc¹
