2474 4388
473 277 634 331 nunninus
653 278 709 331 LlB.
723 278 773 332 Vll.

79 452 236 515 advenisse
259 451 346 513 viros.
390 449 439 511 ille
461 450 537 511 intra
559 458 634 511 tecta
659 452 756 512 vocari

80 539 210 619 imperat
232 546 261 598 et
282 535 356 598 solio
377 535 493 597 medius
516 535 650 596 consedit
671 536 756 597 avito.

169 622 293 683 Tectum
314 628 486 699 augustum,
509 621 630 698 ingens,
653 629 773 681 eentum
796 621 921 683 sublime
944 627 1089 689 oolumnis
1117 639 1158 690 tto

82 706 159 768 urbe
181 706 237 767 luit
257 723 387 781 summe,
409 705 565 766 Laurentis
587 706 667 784 regia
689 705 767 776 Pici,

80 793 266 854 horrendum
287 791 365 852 silvis
388 798 419 851 et
438 790 582 870 religione
604 798 772 869 parentum.

81 879 132 939 bie
153 884 268 956 sceptra
290 875 426 955 accipere
448 883 477 934 et
499 875 611 954 primos
633 874 765 936 attollere
788 876 882 937 lasoes

80 962 204 1042 regibus
226 978 313 1022 omen
336 969 416 1033 erat,
439 959 496 1020 boo
518 958 575 1020 illis
597 960 679 1020 ouria
701 961 861 1039 templum,

81 1048 139 1108 hae
160 1046 251 1108 saeris
272 1044 358 1106 sedes
380 1043 489 1123 epulis,
512 1043 561 1104 hio
583 1045 673 1105 ariete
695 1063 781 1105 caeso

80 1130 234 1211 perpetuis
255 1128 333 1191 soliti
354 1139 453 1208 patres
475 1129 631 1190 considere
653 1130 771 1190 mensis.

81 1215 155 1294 quin
180 1215 266 1276 etiam
287 1221 418 1274 veterum
442 1213 553 1293 efligies
576 1231 612 1274 ex
634 1215 738 1275 ordine
761 1233 880 1275 avorum

80 1301 203 1378 antiqua
225 1318 242 1361 e
264 1298 371 1373 cedro,
392 1298 542 1378 ltalusque
563 1309 707 1377 paterque
730 1298 858 1361 Sabinus

79 1385 214 1446 vitisator
236 1392 354 1445 curvam
376 1400 497 1446 servans
519 1382 574 1444 sub
598 1383 726 1463 imagine
748 1385 851 1445 laleem

80 1471 289 1548 Saturnusque
311 1487 403 1530 senex
425 1468 547 1547 Ianique
569 1466 709 1529 bifrontis
731 1469 827 1548 imago

80 1553 227 1616 vestibulo
249 1552 405 1615 adstabant
426 1553 533 1631 aliique
556 1552 591 1613 ab
615 1553 730 1632 origine
753 1572 853 1634 reges,

80 1639 185 1700 ldertia
207 1638 258 1718 qui
280 1637 318 1698 ob
341 1637 466 1718 patriam
488 1639 650 1717 pugnando
672 1639 791 1699 volnera
814 1640 900 1718 passi.

80 1724 233 1803 multaque
254 1731 407 1803 praeterea
430 1722 520 1784 saeris
543 1722 572 1783 in
596 1723 731 1802 postibus
753 1742 849 1798 arma,

81 1809 189 1889 captivi
211 1808 344 1888 pendent
357 1823 473 1869 ¹oureus
495 1824 660 1887 curvaeque
682 1826 802 1870 seonres

82 1903 114 1954 et
135 1893 239 1955 oristas
262 1893 391 1973 capitum
414 1901 443 1953 et
465 1902 619 1972 portarum
642 1893 773 1972 ingentia
796 1894 922 1956 claustra
1115 1905 1156 1956 185

81 1977 253 2059 spieulaque
276 1977 422 2057 clipeique
444 1987 605 2056 ereptaque
627 1985 722 2038 rostra
746 1978 863 2039 earinis.

79 2063 145 2142 ipse
167 2061 313 2134 Quirinali
334 2062 408 2123 lituo
430 2079 578 2141 parvaque
600 2062 721 2122 sedebat

80 2147 253 2209 succinctus
275 2145 376 2207 trabea
398 2147 539 2225 laevaque
561 2146 657 2208 anoile
680 2146 801 2227 gerebat

81 2232 185 2307 Pious,
208 2249 317 2311 equum
341 2231 483 2304 domitor,
507 2249 594 2310 quem
617 2241 704 2312 oapta
726 2231 864 2312 cupidine
887 2232 1018 2292 coniunx

81 2335 170 2378 aurea
192 2334 364 2397 percussum
387 2315 467 2394 virga
489 2334 666 2396 versumque
687 2316 810 2378 venenis
1115 2326 1157 2378 190

81 2401 256 2463 recitarem
279 2401 362 2462 Ciroe
384 2401 549 2480 sparsitque
572 2401 724 2463 coloribus
746 2402 814 2463 alas.

80 2486 132 2546 tali
153 2486 234 2547 intus
255 2485 366 2564 templo
388 2485 485 2546 divom
507 2487 661 2565 patriaque
683 2487 806 2548 Latinus

80 2570 151 2632 sede
173 2569 280 2633 sedens
301 2570 433 2631 Teucros
456 2570 491 2630 ad
513 2589 579 2632 sese
601 2573 631 2632 in
654 2579 732 2632 tecta
753 2573 866 2633 vocavit

81 2664 174 2756 atque
191 2655 264 2716 haee
286 2654 427 2735 ingressis
448 2655 564 2734 placido
586 2656 669 2736 prior
690 2656 780 2717 edidit
803 2674 872 2717 ore:

178 2738 285 2814 Dicite,
308 2739 491 2801 Dardanidae
511 2741 623 2819 (neque
646 2740 725 2803 enim
748 2742 896 2802 nescimus
919 2749 948 2801 et
970 2740 1074 2801 urbem
1115 2750 1157 2800 tto

80 2833 111 2885 et
133 2841 242 2903 genus,
265 2823 414 2903 auditique
435 2825 586 2886 advertitis
608 2843 737 2904 aequore
760 2830 906 2899 cursum),

80 2908 153 2987 quid
174 2905 297 2990 petitis?
325 2927 400 2988 quae
422 2926 509 2971 neusa
532 2917 609 2971 rates
631 2918 681 2971 aut
703 2911 788 2971 ouius
810 2909 924 2988 egentis

79 2994 150 3055 litus
173 2993 208 3055 ad
231 2993 395 3054 Ausonium
417 3001 462 3054 tot
484 3012 539 3074 per
559 2994 630 3055 vada
653 2995 769 3056 caerula
791 2992 891 3055 vexit?

79 3078 140 3140 sive
163 3095 266 3139 errore
287 3078 350 3139 riae
372 3095 426 3139 seu
447 3079 671 3159 tempestatibus
693 3081 767 3151 aeti,

80 3163 179 3242 qualia
200 3163 291 3225 multa
313 3163 387 3224 mari
410 3173 517 3224 nautae
538 3164 692 3243 patiuntur
714 3165 744 3226 in
768 3164 841 3238 alto,

79 3247 211 3310 lluminis
232 3247 365 3310 intrastis
385 3247 465 3327 ripas
487 3257 635 3329 portuque
658 3249 779 3325 sedetis,

80 3350 119 3393 ne
141 3331 234 3412 fugite
256 3332 417 3413 hospitium
440 3350 514 3393 neve
536 3334 672 3413 ignorate
695 3335 816 3396 Latinos

79 3416 202 3479 Saturni
224 3424 344 3498 gentem
367 3416 443 3478 baud
467 3416 563 3480 vinclo
587 3437 643 3480 neo
665 3419 780 3499 legibus
802 3435 939 3497 aequam,

77 3508 187 3582 sponte
209 3519 262 3563 sua
283 3501 450 3581 veterisque
472 3501 518 3563 dei
540 3520 572 3565 se
593 3521 677 3564 more
700 3512 862 3565 tenentem.

78 3595 169 3666 atque
191 3587 327 3665 equidem
350 3586 472 3648 memini
495 3588 582 3665 (lama
606 3597 650 3650 est
672 3587 827 3650 obseurior
850 3587 948 3660 annis)
1115 3594 1157 3644 att

166 3737 246 3789 179⁸.
270 3735 458 3802 Saturnusque
481 3753 563 3788 senece
581 3752 689 3789 curuum
711 3739 759 3788 md
778 3739 895 3802 tegmine
912 3733 1009 3796 falcem
1033 3737 1158 3783 vitisator

77 3818 189 3854 emam
206 3801 273 3856 Geni
290 3805 332 3856 tt.
433 3806 481 3857 182
499 3804 651 3871 Martiaque
669 3804 791 3874 r²t>ttyo¹
810 3802 883 3855 Ribb.
903 3802 976 3862 Led:
994 3800 1045 3853 det.
1064 3800 1155 3867 Wagn.

78 3869 130 3923 tr.
144 3871 186 3924 82.
237 3874 322 3923 totum
339 3887 365 3924 r.
383 3872 433 3936 (ω
446 3870 477 3924 Vl
490 3873 550 3936 660)
567 3873 593 3924 in
611 3887 682 3939 susp.
700 3887 758 3928 voe,
771 3870 868 3939 lleyne.
951 3869 1040 3938 187191
1061 3868 1094 3922 sd
1108 3870 1156 3923 182

78 3936 173 3991 retrahi
191 3938 249 3992 vult
265 3936 363 4007 lleyne.
643 3944 645 3949 '
