2286 4394
51 203 111 263 152
424 203 452 258 Ρ.
465 204 591 259 vuuuttt
607 204 755 259 uauouts

50 376 173 437 terribili
196 377 344 455 impetunt
367 386 460 449 saeta,
483 395 552 437 cum
574 376 714 439 dentibus
734 378 811 441 albis

50 460 171 522 indutus
193 461 280 539 capiti
302 493 344 505 -
366 460 408 521 sic
430 461 510 540 regia
532 469 609 523 tecta
630 462 749 524 subibat

50 546 186 607 horridus
210 546 415 623 Herculeoque
437 564 556 607 umeros
576 546 705 609 innexus
726 548 846 610 amictu.

135 630 209 691 Tum
232 630 341 709 gemini
365 631 471 691 fratres
491 630 624 691 Tiburtia
647 632 764 695 moenia
785 633 941 713 linquunt,

50 715 148 775 lratris
169 714 283 776 Tiburti
305 715 411 774 dictam
434 715 612 792 cognomine
633 725 769 795 gentem,

50 800 228 877 Catillusque
251 817 377 877 acerque
400 798 504 871 Coras,
526 800 632 879 Argiva
654 801 807 877 iuventus,

50 895 80 946 et
103 885 225 965 primam
248 892 317 944 ante
338 884 430 944 aciem
453 885 543 945 densa
565 885 644 946 inter
663 885 721 946 tela
743 888 898 961 feruntur,

51 989 107 1031 ceu
128 971 186 1030 duo
210 969 375 1047 nubigenae
398 987 465 1029 cnm
487 969 596 1031 vertice
618 971 729 1033 montis
750 970 786 1032 ab
809 971 869 1033 alto

51 1055 237 1116 descendunt
259 1053 396 1115 Centauri
420 1053 565 1115 llomolen
590 1054 774 1135 Othrquue
797 1057 922 1119 nivalem

52 1141 221 1218 linquentes
244 1156 331 1199 cursu
354 1137 456 1216 rapido
464 1155 473 1212 ;
496 1138 545 1199 dat
565 1139 706 1201 euntibus
726 1139 835 1219 ingens

51 1224 120 1285 silea
144 1224 240 1284 locum
263 1231 293 1283 et
313 1239 422 1301 magno
445 1222 555 1284 cedunt
575 1223 700 1302 virgulta
722 1224 851 1304 fragore.

136 1308 196 1367 Nec
219 1306 427 1368 Praenestinae
450 1309 590 1377 lundator
609 1308 703 1369 deluit
724 1308 823 1383 urbis,

52 1393 181 1453 Volcano
204 1392 337 1470 genitum
359 1410 467 1471 pecora
491 1393 570 1454 inter
591 1393 716 1472 agrestia
737 1410 839 1473 regem

51 1477 264 1554 inventumque
285 1476 358 1537 loeis
380 1478 479 1538 omnis
501 1495 591 1557 quem
613 1477 736 1539 credidit
756 1488 852 1554 aetas,

53 1561 203 1623 Caeculus.
248 1561 327 1621 hune
350 1561 406 1622 late
429 1561 505 1639 legio
528 1562 685 1623 comitatur
706 1564 846 1642 agrestis:

52 1647 162 1725 quique
185 1645 276 1708 altum
299 1644 458 1707 Praeneste
479 1647 533 1706 viri
556 1647 666 1726 quique
688 1664 756 1708 arva
778 1647 911 1711 Gabinae

53 1731 175 1793 lunonis
197 1731 386 1809 gelidumque
409 1731 552 1792 Anienem
576 1740 606 1792 ct
627 1731 741 1794 roscida
761 1732 833 1795 rivis

54 1816 179 1878 llernica
203 1834 271 1876 saxa
293 1816 412 1889 colunt,
436 1834 511 1893 quos
534 1816 613 1877 dives
634 1816 767 1896 Anagnia
788 1819 899 1899 pascit,

53 1920 141 1980 equos,
164 1903 309 1961 Amasene
331 1909 424 1980 pater.
470 1919 531 1961 non
554 1900 610 1962 illis
633 1900 772 1964 omnibus
792 1920 875 1964 arma

54 2006 109 2048 nee
132 1986 218 2066 clipei
240 2004 381 2047 currusve
403 1993 526 2047 sonant:
549 2004 618 2064 pars
639 1986 763 2047 maxima
784 1987 908 2067 glandes

53 2072 168 2133 liventis
190 2070 303 2152 plumbi
325 2072 450 2150 spargit,
473 2088 542 2150 pars
564 2070 677 2150 spicula
697 2079 793 2150 gestat

54 2156 123 2217 bina
146 2174 251 2231 manu3
274 2155 428 2234 fulvosque
449 2155 511 2234 lupi
533 2156 570 2216 de
591 2155 668 2234 pelle
689 2155 806 2235 galeros

53 2252 170 2321 tegmen
194 2240 305 2301 babent
326 2241 428 2319 capiti,
451 2240 570 2318 vestigia
593 2241 672 2301 nuda
693 2240 806 2302 sinistri

53 2327 208 2387 instituere
230 2324 327 2404 pedis,
351 2326 460 2386 crudus
482 2326 554 2403 tegit
576 2325 666 2386 altera
688 2343 771 2404 pero.
1076 2328 1109 2382 691

138 2410 176 2468 At
197 2409 361 2487 Messapus,
384 2428 492 2487 equum
516 2409 657 2484 domitor,
679 2408 826 2488 Neptunia
848 2411 962 2490 proles,

54 2514 141 2573 quem
166 2511 263 2571 neque
285 2494 328 2552 las
350 2494 411 2570 igni
435 2493 571 2571 cuiquam
595 2512 651 2555 nec
672 2501 807 2555 sternere
830 2496 923 2569 lerro,

53 2581 110 2640 iam
132 2579 247 2658 pridem
270 2576 379 2638 resides
401 2578 527 2659 populos
550 2580 727 2657 desuetaque
749 2578 826 2640 bello

54 2663 170 2744 agmina
194 2663 223 2723 in
247 2681 326 2722 arma
348 2671 430 2723 vocat
453 2662 551 2724 subito
573 2665 743 2741 ferrumque
766 2672 913 2725 retractat.

54 2750 84 2810 hi
107 2748 307 2810 Fescenninas
329 2748 405 2808 acies
427 2748 604 2826 Aequosque
626 2748 769 2822 Faliscos,
1083 2756 1120 2808 ott

54 2835 84 2896 bi
108 2835 238 2896 Soractis
259 2833 370 2896 babent
392 2852 475 2894 arces
497 2833 685 2910 Flaviniaque
707 2851 773 2893 arva

55 2929 83 2980 et
106 2920 212 2982 Cimini
235 2937 301 2980 cum
324 2928 426 2979 monte
448 2919 543 2979 lacum
564 2917 707 2995 lucosque
729 2917 873 2996 Capenos.

55 3005 136 3065 ibant
159 3004 275 3083 aequati
298 3022 423 3064 numero
446 3021 605 3081 regemque
629 3002 787 3075 canebant,

55 3107 110 3149 eeu
133 3090 281 3168 quondam
306 3088 380 3149 nivei
403 3088 511 3166 liquida
535 3088 612 3148 inter
636 3086 735 3148 nubila
758 3085 844 3166 cycni

55 3192 122 3234 eum
146 3192 210 3233 sese
233 3192 249 3232 e
271 3182 356 3251 pastu
379 3174 513 3233 relerunt
536 3182 565 3234 et
586 3172 674 3251 longa
696 3189 822 3232 canoros
1087 3183 1129 3233 'tut

55 3258 126 3317 dant
148 3275 202 3336 per
224 3257 297 3317 colla
321 3260 439 3333 modos;
462 3266 549 3318 sonat
571 3258 666 3318 amnis
687 3264 717 3317 et
738 3256 805 3317 Asia
827 3255 916 3333 longe

53 3343 136 3421 pulsu
158 3342 251 3420 palus.

98 3446 153 3488 nec
177 3427 331 3505 quisquam
355 3436 466 3487 aeratas
488 3426 564 3486 acies
586 3444 622 3486 ex
643 3425 760 3504 agmine
784 3433 865 3485 tanto

141 3560 190 3611 668
209 3559 334 3610 indutum
352 3575 424 3626 prop.
443 3557 538 3624 lleyne.
608 3559 657 3611 669
679 3561 738 3609 ante
757 3560 806 3611 661
824 3572 880 3624 pos.
900 3555 976 3611 Ribb.
995 3560 1022 3608 et
1040 3556 1082 3607 bic
1102 3574 1131 3607 oe

56 3627 113 3679 add.
132 3632 191 3694 post
209 3631 352 3692 imponam.
441 3628 487 3678 681
509 3628 578 3690 legio
597 3627 650 3676 lete
668 3625 725 3677 libri
743 3630 843 3693 praeter
861 3623 885 3675 ll
973 3625 1025 3676 684
1037 3628 1131 3690 pascis

55 3689 188 3747 ‘nonnulli'
208 3694 274 3750 Pier.
362 3696 410 3748 695
430 3693 584 3757 16116166.
604 3708 678 3745 versu
697 3696 823 3761 6661692
842 3691 979 3747 collocato.
1047 3696 1130 3755 actes]

56 3779 130 3815 orceo
143 3763 223 3815 Gebb.
257 3764 331 3813 redes
349 3764 415 3816 coni.
435 3761 474 3812 lll.
527 3762 706 3813 Fescenninos
724 3762 803 3814 eolles
820 3775 974 3827 aequorque
989 3759 1131 3812 Falisca-m

57 3828 156 3881 Peerlk.
210 3829 283 3883 [libb.
302 3836 361 3896 post
380 3831 446 3881 bunc
458 3845 482 3880 r.
495 3828 542 3880 lac.
556 3834 614 3881 stat.
671 3831 721 3882 699
739 3830 841 3891 nubilo]
859 3830 974 3890 flumina
992 3825 1129 3898 P7¹Ribb.

58 3899 105 3947 163
124 3901 247 3947 eudaliae
264 3898 353 3947 Hamlt.
372 3897 390 3947 lt
409 3904 434 3948 et
452 3895 532 3957 Leid.;
553 3896 602 3947 del.
621 3894 708 3963 ttthly
727 3897 791 3949 zoG.
813 3897 886 3960 1887,
905 3899 963 3948 411.
