2286 4394
464 111 624 166 anubibus
642 112 700 165 llB.
714 111 762 164 Vll.

10 242 17 267 Ι

10 278 15 345 'r
54 283 255 360 sanguineam
277 293 424 362 torquens
445 284 538 344 aciem
559 293 735 362 torvumque
757 295 880 364 repente

10 352 15 425 l
59 362 184 429 clamat:
209 362 251 430 ‘ic
274 378 399 441 matres,
421 368 534 439 audite,
557 369 608 429 ubi
630 387 779 447 quaeque,
804 368 940 431 Latinael

10 444 15 509 Ξ
63 447 95 509 si
120 471 169 530 qua
189 455 246 532 piis
268 453 375 514 animis
397 461 496 513 manct
517 453 644 514 infelicis
666 453 786 514 Amatae

10 588 14 597 .
64 537 170 610 gratia,
192 540 216 600 si
238 539 312 601 iuris
332 538 460 598 materni
481 554 552 598 cura
574 538 737 611 remordet,

70 620 167 683 solvite
187 623 307 685 crinalis
329 622 428 696 vittas,
452 623 546 702 capite
569 623 650 702 orgia
673 613 808 683 mecum.²

10 728 14 793 ἶ
70 705 153 768 talem
172 707 251 769 inter
272 708 374 782 silvas,
396 708 477 767 inter
497 707 610 768 desarta
632 708 760 767 ferarum

10 802 18 879 [
73 791 195 870 reginam
217 792 331 854 Allecto
354 791 479 853 stimulis
500 792 559 869 agit
582 792 714 870 undique
736 792 851 853 Bacchi.

151 877 309 956 Postquam
329 877 391 938 visa
412 876 482 938 satis
503 876 616 954 primos
637 876 750 938 acuisse
773 878 889 939 furores

72 960 278 1040 consiliumque
302 979 481 1040 omnemque
502 961 623 1022 domum
645 962 767 1022 vertisse
789 962 901 1035 latini,

75 1045 200 1116 protinus
221 1046 293 1107 binc
315 1047 406 1107 fuscis
427 1046 518 1106 tristis
540 1046 594 1105 dea
616 1045 729 1106 tollitur
751 1045 802 1107 alis

10 1102 15 1187 l
74 1129 181 1192 audacis
201 1131 304 1192 Rutuli
325 1129 361 1190 ad
384 1148 501 1205 muros,
524 1148 612 1209 quam
636 1130 743 1192 dicitur
765 1131 868 1192 urbem

74 1207 242 1276 Acrisioneis
264 1215 365 1276 Danae
385 1215 526 1276 fundasse
549 1215 663 1276 colonis

73 1300 216 1381 praecipiti
237 1300 332 1361 delata
354 1300 431 1360 Noto
454 1300 549 1377 (locus
570 1300 665 1360 Ardea
688 1300 838 1378 quondam

10 1380 14 1459 l
71 1375 159 1446 dictus
179 1385 255 1459 avis;
278 1392 308 1445 et
329 1402 411 1445 nunc
433 1403 573 1464 magnum
595 1393 696 1444 manct
715 1385 811 1444 Ardea
833 1403 959 1455 nomen,

72 1467 119 1527 scd
136 1472 256 1530 fortuna
276 1469 360 1548 fuit);
382 1469 468 1530 tectis
489 1469 537 1529 hic
560 1469 680 1531 Turnus
701 1468 731 1528 in
755 1468 819 1530 altis

72 1544 122 1613 iam
141 1554 267 1615 mediam
290 1554 374 1634 nigra
396 1553 537 1634 carpebat
558 1562 646 1614 nocte
669 1553 808 1633 quietem.

10 1660 12 1665 ·
71 1634 175 1700 Allecto
196 1647 310 1700 turvam
332 1637 437 1699 facicm
459 1648 490 1699 ct
510 1638 624 1699 iurialia
647 1636 778 1698 membra

73 1723 151 1796 exuit,
173 1724 205 1784 in
227 1724 324 1785 voltus
345 1741 409 1784 sese
431 1724 622 1784 transformat
642 1722 729 1784 anilis

70 1815 96 1867 et
114 1809 244 1869 frontem
266 1806 427 1869 obscenam
447 1808 530 1887 rugis
551 1817 622 1882 arat,
645 1807 741 1868 induit
762 1806 843 1867 albos

69 1909 130 1953 cum
151 1893 223 1953 vitta
245 1891 345 1967 crinis,
368 1900 430 1952 tum
452 1911 568 1953 ramum
590 1892 716 1953 innectit
737 1891 844 1964 clivae;

67 1976 96 2037 dt
116 1976 225 2057 Calybe
247 1975 369 2039 lunonis
391 1995 466 2038 anus
488 1976 649 2056 templique
671 1975 807 2037 sacerdos

64 2069 92 2121 et
112 2061 211 2123 iuveni
234 2070 302 2122 ante
325 2061 427 2122 cculcs
448 2061 494 2122 bis
515 2081 547 2123 se
569 2080 638 2123 cum
660 2060 781 2122 vocibus
804 2061 904 2121 offert:

61 2139 190 2219 ‘Turne‚
213 2155 258 2207 tot
279 2147 428 2207 incassum
450 2146 532 2209 lusos
553 2147 665 2225 patiere
687 2145 804 2207 labores

61 2239 90 2291 et
111 2239 162 2291 tua
184 2229 338 2292 Dardaniis
359 2231 516 2292 transcribi
538 2241 654 2310 sceptra
676 2228 811 2292 colonis?

61 2333 113 2376 rex
133 2314 187 2375 tibi
210 2315 382 2393 coniugium
405 2324 435 2377 ct
456 2316 600 2394 quaesitas
622 2316 767 2396 sanguine
789 2315 871 2376 dotes

61 2400 189 2480 abnegat
211 2409 412 2479 externusque
434 2401 465 2460 in
488 2418 614 2479 regnum
638 2401 789 2481 quaeritur
810 2401 904 2464 heres.

60 2485 70 2545 i
93 2503 193 2558 nunc,
215 2485 339 2565 ingratis
361 2485 436 2546 offer
457 2494 502 2558 te,
525 2485 632 2561 inrisa,
655 2486 787 2567 periclis3

59 2569 245 2648 Tyrrhenas,
267 2570 292 2644 i,
316 2579 415 2631 steruc
437 2569 529 2646 acies;
551 2579 619 2650 tege
641 2589 714 2651 pace
736 2570 865 2630 Latinos.

59 2653 133 2715 haec
155 2653 228 2715 adcc
251 2653 306 2714 tibi
328 2673 390 2730 me,
412 2654 527 2734 placida
548 2674 617 2717 cum
640 2664 728 2716 nocte
751 2655 877 2727 iaceres,

60 2739 124 2817 ipsa
146 2739 241 2818 palam
264 2739 319 2799 lari
342 2740 532 2819 omnipotens
554 2741 692 2802 Saturnia
714 2739 806 2801 iussit.

58 2840 152 2901 quare
173 2842 227 2903 age
250 2832 280 2883 et
299 2824 406 2884 armari
427 2825 538 2904 pubam
559 2826 713 2906 portisque
736 2824 844 2885 moveri

57 2908 153 2968 laetus
174 2908 205 2968 in
227 2925 308 2969 arma
330 2907 400 2970 iube
423 2920 452 2970 et
472 2910 630 2990 Phrygios,
653 2910 704 2989 qui
725 2909 847 2969 flumine
869 2908 994 2989 pulchro

60 2992 239 3067 consedere,
262 2993 352 3054 duces
374 2993 526 3074 pictasque
548 3014 638 3056 exure
661 2995 791 3056 carinas:

58 3078 221 3138 caelestum
241 3078 284 3139 ris
305 3096 413 3158 magua
434 3077 524 3140 iubet.
568 3100 620 3141 rex
642 3080 706 3159 ipse
728 3078 866 3152 Latinus,

58 3163 91 3221 ni
114 3163 184 3222 dare
206 3162 378 3240 coniugium
401 3172 430 3224 et
451 3163 530 3225 dictu
553 3183 657 3245 parcre
679 3166 803 3237 latetur,

57 3246 167 3309 sentiat
188 3255 218 3307 et
239 3246 359 3308 tandem
380 3248 516 3309 Turnum
539 3250 707 3329 experiatur
728 3249 759 3310 iu
782 3240 892 3310 armis'

144 3331 200 3392 llic
222 3331 336 3394 iuvcnis
358 3342 453 3394 vatem
475 3333 609 3396 inridens
631 3335 673 3396 sic
695 3352 762 3396 ursa
784 3334 910 3394 vicissim

56 3435 111 3478 cre
133 3417 241 3478 refert:
260 3409 373 3480 ‘classis
395 3419 524 3481 invectas
546 3420 703 3500 Thybridis
724 3419 835 3479 undam

144 3637 195 3688 412
212 3640 312 3700 nannet]
325 3641 396 3687 tenet
406 3636 467 3688 mur
480 3634 551 3688 Scrv.
604 3640 655 3688 416
671 3636 768 3698 voltus]
787 3635 873 3684 cultus
885 3634 1002 3686 drusian.
1016 3635 1130 3697 513,18;

56 3703 133 3756 Ribb.
151 3704 177 3754 in
196 3703 236 3757 ed.
255 3705 313 3756 mai.
377 3708 426 3757 427
445 3709 560 3756 iacerem
577 3719 650 3771 prop.
668 3703 708 3754 lli.
772 3704 821 3755 430
840 3719 906 3753 arua
924 3700 1023 3754 Peerlk.
1042 3700 1131 3764 Ribb.;

56 3771 105 3824 sed
124 3771 158 3824 cl.
175 3771 198 3822 X
216 3773 275 3825 242.
327 3775 389 3823 iube
406 3772 432 3824 M
450 3777 477 3826 et
494 3771 576 3824 Servii
595 3773 651 3824 cod.
671 3772 739 3823 Cass.
758 3770 827 3824 1³5.
861 3787 931 3838 para
949 3775 997 3823 cet.
1016 3770 1081 3824 libri.

106 3861 227 3915 rotardus.
948 3859 979 3909 10
