2286 4394
63 213 104 274 20
433 214 462 270 Ρ.
473 214 603 269 vesunt
620 215 766 269 MARONIS

64 407 103 449 ne
126 406 183 467 qua
205 389 280 450 scire
304 388 387 448 dolos
408 388 557 450 mediusve
579 407 737 450 occurrere
760 389 862 468 possit.

63 481 95 535 tu
118 474 221 534 taciem
244 473 322 534 illius
344 474 474 549 (noctem
498 493 559 534 non
583 473 707 552 amplius
729 492 818 534 unam

63 558 131 619 falle
153 558 232 637 dolo)
256 567 285 619 et
308 565 393 618 notos
415 559 501 636 pueri
522 577 598 637 puer
619 558 709 619 indue
731 559 840 632 voltus,

64 651 114 716 ut,
137 661 204 704 cum
227 652 256 705 te
278 642 390 722 gremio
413 643 537 722 accipiet
559 643 714 705 laetissima
737 644 810 705 Dido

64 728 170 807 regalis
191 729 270 789 inter
291 747 408 790 mensas
430 729 605 806 laticemque
627 728 773 808 Lyaeum,

65 831 132 873 cum
156 813 235 874 dabit
257 812 409 892 amplexus
431 823 517 892 atque
540 814 639 874 oscula
661 813 755 874 dulcia
778 814 863 892 figet,

66 898 214 959 occultum
236 899 363 977 inspires
386 899 484 977 ignem
507 898 648 975 fallasque
669 917 794 960 veneno.

65 992 150 1063 paret
171 986 261 1045 Amor
283 983 368 1044 dictis
389 1001 473 1044 carae
496 983 652 1062 genetricis
674 992 704 1044 et
726 983 785 1044 alas

66 1069 147 1130 exuit
168 1077 197 1130 et
218 1087 321 1149 gressu
343 1069 475 1147 gaudens
496 1068 607 1129 incedit
628 1068 692 1129 luli.

65 1162 96 1214 at
117 1153 217 1216 Venus
240 1153 364 1215 Ascanio
389 1154 529 1232 placidam
552 1171 606 1232 per
627 1153 758 1214 membra
781 1153 910 1231 quietem

66 1239 176 1318 inrigat
198 1246 227 1299 ct
249 1240 342 1299 lotum
365 1238 477 1317 gremio
500 1238 553 1298 dea
576 1238 651 1299 tollit
673 1239 703 1299 in
727 1238 801 1299 altos

67 1323 173 1383 idaliae
195 1323 294 1395 lucos,
316 1322 367 1383 ubi
389 1322 486 1384 mollis
509 1341 661 1385 amaracus
682 1323 764 1384 illum

66 1408 190 1469 floribus
212 1416 242 1468 et
264 1407 342 1468 dulci
364 1407 516 1487 adspirans
538 1408 745 1486 complectitur
765 1407 879 1468 umbra.

152 1493 273 1571 lamque
295 1492 355 1552 ibat
376 1492 453 1553 dicto
477 1510 585 1571 parens
607 1502 636 1554 et
658 1492 735 1554 dona
759 1491 872 1572 Cupido

67 1577 147 1656 regia
170 1578 305 1656 portabat
327 1577 422 1657 Tyriis
443 1577 518 1638 duce
540 1577 634 1639 laetus
656 1579 774 1639 Achate.

69 1680 136 1724 oum
159 1663 254 1737 venit,
278 1662 385 1724 aulaeis
407 1663 465 1723 iam
487 1682 519 1724 se
541 1663 643 1743 regina
665 1663 801 1742 superbis

68 1765 156 1808 aurea
179 1748 345 1828 composuit
365 1749 480 1827 sponda
502 1748 687 1826 mediamque
710 1748 831 1822 locavit3

68 1832 126 1893 iam
148 1840 232 1912 pater
254 1835 368 1894 Aeneas
390 1840 419 1893 et
439 1833 497 1894 iam
520 1832 649 1894 'lroiana
672 1834 808 1895 iuventus

69 1918 266 1993 conveniunt,
289 1926 440 1996 stratoque
463 1937 552 1998 super
574 1917 768 1980 discumbitur
791 1925 881 1979 ostro.

69 2004 141 2064 dant
161 2003 299 2066 manibus
319 2003 420 2065 famuli
442 2004 575 2085 lymphas
598 2004 795 2082 Cereremque
817 2000 953 2063 canistris

70 2089 231 2168 expediunt
251 2090 405 2168 tonsisque
427 2090 528 2152 lerunt
549 2089 687 2150 mantelia
708 2088 792 2150 villis.

71 2175 285 2254 quinquaginta
307 2175 387 2235 intus
409 2175 550 2248 famulae,
574 2174 681 2253 quibus
703 2173 807 2234 ordine
828 2173 947 2249 longam
974 2166 978 2175 '

70 2277 140 2320 cura
162 2279 273 2340 penum
295 2271 411 2320 struere
433 2269 463 2320 et
484 2259 609 2320 dammis
631 2258 747 2320 adolere
769 2257 901 2338 penatis;

70 2352 189 2404 centum
212 2344 284 2404 aliae
306 2343 487 2421 totidemque
511 2362 595 2422 pares
617 2352 711 2404 aetate
732 2342 874 2416 ministri,

72 2428 121 2507 qui
144 2428 268 2507 dapibus
290 2445 407 2488 mensas
430 2437 557 2488 onerent
579 2435 608 2489 et
630 2429 735 2507 pocula
757 2437 882 2508 ponant.

72 2531 128 2573 neo
151 2532 212 2573 non
236 2521 266 2573 et
287 2512 367 2593 Tyrii
389 2530 444 2592 per
465 2512 565 2573 limina
587 2513 661 2574 laeta
684 2515 855 2591 frequentes

72 2616 239 2659 convenere
261 2598 335 2659 toris
353 2598 424 2660 iussi
447 2598 632 2659 discumbere
654 2598 750 2677 pictis.

71 2684 217 2743 mirantur
238 2684 315 2744 dona
339 2685 463 2757 Aeneae,
486 2684 631 2745 mirantur
653 2684 747 2744 lulum

71 2768 280 2848 flagrantisque
303 2768 349 2830 dei
373 2769 467 2830 voltus
488 2768 681 2847 simulataque
703 2767 791 2830 verba

72 2852 249 2933 [pallamque
271 2864 300 2915 et
322 2854 433 2934 pictum
456 2873 561 2916 croceo
583 2855 715 2915 velamen
739 2852 886 2929 acantbol.

115 2940 274 3018 praecipue
296 2939 411 3015 infelix,
434 2941 509 3020 pesti
531 2940 635 3002 devota
657 2941 788 3012 futurae,

116 3025 226 3104 expleri
249 3034 379 3085 mentem
402 3026 506 3104 nequit
527 3025 712 3104 ardescitque
733 3022 844 3086 tuendo

115 3109 275 3170 Phoenissa
298 3118 328 3170 et
348 3110 459 3188 pariter
481 3129 574 3189 puero
598 3109 742 3188 donisque
765 3116 909 3169 movetur.

72 3193 122 3255 ille
144 3194 194 3255 ubi
217 3194 373 3272 complexu
395 3196 511 3255 Aeneae
534 3195 670 3272 colloque
692 3193 834 3272 pependit

73 3287 104 3339 et
125 3297 263 3358 magnum
287 3280 350 3341 falsi
372 3279 502 3359 implevit
522 3280 665 3358 genitoris
688 3296 833 3349 amorem,

73 3364 206 3441 reginam
228 3364 310 3443 petit.
354 3364 427 3425 baec
449 3364 557 3436 oculis,
580 3365 652 3425 baec
674 3371 794 3443 pectore
816 3370 879 3423 toto

73 3449 176 3510 baeret
198 3458 226 3510 et
247 3449 396 3509 interdum
419 3450 531 3528 gremio
553 3451 648 3522 louet,
671 3448 763 3510 inscia
787 3448 876 3522 bido,

75 3534 182 3595 insidat
203 3543 332 3613 quantus
355 3534 476 3595 miserae
499 3536 580 3596 deus.
625 3542 654 3595 at
675 3552 790 3594 memor
812 3533 860 3594 ille

163 3688 210 3739 683
221 3702 241 3738 a.
260 3685 315 3737 sine
326 3683 441 3752 parentb.
452 3683 525 3736 Ribb.
535 3684 595 3736 Led.
649 3688 696 3738 701
711 3683 831 3745 famulae
842 3681 918 3752 111Ργι
971 3680 1048 3748 torst
1065 3677 1134 3731 dam·

75 3752 176 3814 reerlr.
246 3755 322 3807 7016
341 3757 400 3819 post
417 3754 467 3805 722
485 3752 544 3804 coll.
561 3752 636 3808 Bibr.
650 3755 723 3818 1884,
736 3755 794 3806 412.
865 3753 913 3805 703
933 3753 1041 3817 longam
1053 3748 1137 3802 libari

76 3823 118 3884 74,
131 3825 175 3882 303
194 3822 226 3874 cl.
245 3821 309 3875 Gel.
326 3820 396 3885 ivl,
410 3823 449 3873 15.
485 3822 566 3888 longo
584 3822 649 3873 libri.
737 3824 783 3874 711
804 3822 854 3883 (ω
869 3822 917 3872 648
928 3822 961 3883 s.)
977 3818 1117 3876 dannan

75 3887 174 3957 lleynio
194 3889 267 3943 Ribb.
338 3888 432 3957 112114
453 3889 650 3958 dittograpbiam
668 3905 725 3942 esse
743 3888 887 3954 suspicatur
904 3886 970 3943 Rbb.
1041 3889 1093 3944 119
1111 3893 1142 3944 in
