2474 4388
123 240 184 298 144
492 239 520 294 P.
534 237 662 290 VERGlLl
679 222 825 287 atthonis

122 431 158 473 an
184 430 244 472 non
267 411 309 472 sic
331 411 476 491 Phrygius
498 418 635 491 penetrat
657 408 878 470 Lacedaemona
900 410 1003 483 pastor

123 496 324 575 Ledaeamque
347 496 489 556 Helenam
513 495 656 557 Troianas
677 495 755 555 vexit
777 490 812 552 ad
835 485 949 550 urbes?

123 582 192 661 quid
216 591 264 642 tua
287 589 387 642 sancta
409 578 503 642 tides?
532 581 602 659 quid
623 597 694 641 cura
716 578 836 655 antiqua
859 583 981 636 tuorum

123 677 152 727 et
173 666 395 744 consanguineo
418 665 527 726 totiens
549 665 614 726 data
636 665 754 726 dextera
777 655 902 722 Turno?

123 752 147 812 si
170 768 262 831 gener
283 758 404 811 externa
427 750 538 831 petitur
559 750 595 810 de
617 758 706 829 gente
727 745 841 810 Latinis

123 835 211 915 idque
233 835 315 896 sedet
336 835 490 913 Faunique
512 843 654 915 premunt
674 842 704 894 te
726 833 804 894 iussa
827 827 974 910 parentis,

123 939 240 982 omnem
264 919 400 998 equidem
423 920 548 1000 sceptris
569 928 677 980 terram
702 936 777 996 quae
798 915 890 977 libera
914 911 1025 974 nostris

122 1005 243 1067 dissidet
264 1012 415 1065 externam
437 1022 507 1065 reor
528 1012 558 1065 et
579 1004 622 1065 sio
644 1003 742 1064 dicere
764 1002 855 1063 divos.

123 1100 153 1152 et
175 1090 293 1164 Turno,
316 1089 340 1151 si
364 1089 457 1168 prima
480 1090 585 1150 domus
606 1096 758 1168 repetatur
780 1086 879 1165 origo,

123 1175 250 1236 lnachus
272 1174 462 1253 Acrisiusque
483 1181 583 1252 patres
604 1173 777 1251 mediaeque
799 1171 949 1251 Mycenae.
973 1210 980 1227 .
1006 1160 1023 1226 ·'

208 1259 260 1320 llis
282 1258 333 1319 ubi
356 1259 534 1338 nequiquam
557 1258 643 1320 dictis
664 1265 784 1337 experta
807 1255 946 1317 Latinum

123 1352 226 1405 contra
249 1351 326 1404 stare
348 1342 426 1404 videt
448 1343 626 1423 penitusque
648 1343 679 1404 in
701 1342 813 1403 viscera
835 1340 949 1420 lapsum

123 1428 269 1507 serpentis
291 1427 394 1488 furiale
416 1429 524 1488 malum
548 1437 699 1507 totamque
720 1433 869 1506 pererrat,

122 1522 185 1574 tum
207 1530 276 1573 vero
299 1513 400 1573 infelix
422 1513 594 1592 ingentibus
615 1512 709 1573 excita
732 1510 874 1573 monstris

123 1598 295 1658 immensam
318 1597 382 1659 sine
404 1616 488 1658 more
509 1597 580 1660 furit
601 1597 750 1678 lymphata
772 1614 827 1677 per
846 1592 962 1656 urbem.

124 1701 177 1743 ceu
201 1682 350 1760 qnondam
374 1689 452 1743 torto
474 1683 601 1744 volitans
621 1682 677 1744 snb
698 1678 947 1754 verbereturbo,

124 1784 211 1846 quem
233 1768 318 1848 pueri
341 1785 447 1846 magno
470 1768 500 1828 in
523 1785 596 1848 gyro
615 1773 708 1828 racua
729 1766 803 1827 atria
825 1765 936 1827 circum

122 1852 228 1912 intenti
250 1851 319 1912 ludo
343 1861 483 1913 exercent
503 1853 562 1927 (ille
584 1860 667 1914 actus
688 1851 803 1913 habena

123 1937 249 1998 curvatis
271 1937 366 1997 lertur
387 1936 502 2016 spatiis;
525 1945 630 2017 >stupet
651 1935 743 1998 inscia
765 1951 854 2014 supra
947 2000 952 2010 ,

122 2021 318 2102 impubesque
340 2040 446 2083 manus
469 2021 571 2082 mirata
592 2019 722 2082 volubile
743 2019 870 2094 buxum3

123 2106 193 2167 dant
215 2107 328 2168 animos
350 2105 478 2188 plagam:
509 2125 569 2167 non
594 2124 683 2167 cursu
705 2105 826 2184 segnior
847 2103 897 2166 illc

122 2208 178 2271 per
198 2191 307 2252 medias
328 2191 419 2253 urbes
440 2191 536 2270 agitur
557 2191 743 2271 populosque
764 2189 883 2252 ferocis.

123 2275 196 2355 qnin
219 2276 305 2336 etiam
328 2277 358 2337 in
381 2277 466 2338 silvas
486 2275 622 2337 simulato
644 2275 769 2336 numine
791 2273 898 2336 Bacchi

123 2360 217 2421 mains
237 2360 338 2421 adorte
361 2362 443 2422 netas
464 2361 664 2439 maioremque
686 2377 753 2422 orsa
773 2360 905 2422 furorem

123 2445 218 2505 evolat
240 2454 269 2506 et
291 2454 387 2506 natam
409 2445 560 2507 frondosis
581 2445 734 2506 montibus
754 2443 851 2518 abdit,

124 2547 182 2607 quo
203 2529 362 2590 thalamum
385 2530 491 2611 eripiat
511 2531 635 2591 Teucris
656 2530 815 2608 taedasque
837 2535 986 2601 moretur,

119 2607 229 2673 ‘euhoe
252 2607 378 2676 Bacche’
403 2617 549 2689 tremens,
571 2615 666 2676 solnm
688 2623 717 2676 te
739 2614 853 2693 virgine
876 2612 998 2692 dignum

122 2697 302 2772 vociterans3
326 2700 435 2761 etenim
458 2699 555 2761 mollis
576 2699 629 2760 tibi
651 2717 769 2762 sumere
791 2699 926 2780 thyrsos,

123 2791 152 2843 te
173 2783 298 2844 lustrare
321 2785 430 2860 choro,
453 2802 569 2846 sacrum
590 2783 646 2844 tibi
667 2801 789 2865 pascere
811 2783 934 2844 crinem.

123 2869 198 2929 lama
220 2868 312 2943 volat,
334 2869 477 2949 furiisque
499 2887 638 2931 accensas
659 2877 780 2949 pectora
802 2875 912 2930 matres

123 2952 198 3014 idem
222 2953 318 3014 omnis
339 2954 427 3015 simul
449 2954 538 3014 ardor
560 2953 620 3035 agit
641 2972 716 3014 nora
739 2970 881 3033 quaerere
904 2959 990 3014 tecta.

122 3037 280 3098 deseruere
302 3038 421 3114 domos,
443 3039 539 3101 ventis
560 3039 631 3099 dant
650 3038 726 3100 colla
747 3055 921 3117 comasque;

123 3129 168 3182 ast
188 3122 260 3182 aliae
282 3123 414 3185 tremulis
436 3122 594 3185 ululatibus
615 3124 734 3185 aethera
758 3123 911 3203 complent

122 3206 353 3286 pampineasque
374 3217 483 3288 gerunt
504 3207 652 3269 incinctae
674 3208 800 3288 pellibus
820 3207 927 3269 hastas.

122 3291 186 3369 ipsa
208 3292 287 3352 inter
308 3293 417 3354 medias
438 3293 610 3373 flagrantem
633 3293 743 3353 fervida
765 3293 870 3374 pinum

122 3375 248 3436 sustinet
269 3394 310 3437 ao.
325 3385 411 3439 natae
433 3377 587 3457 Turnique
609 3377 690 3438 canit
711 3378 891 3458 hymenaeos

122 3493 325 3503 -..--.

209 3561 258 3612 383
277 3564 307 3611 ot
316 3575 371 3611 non
383 3559 441 3611 libri
453 3563 554 3626 praeter
564 3557 603 3620 th
616 3559 648 3613 cl.
661 3558 732 3613 Serv.
803 3561 853 3612 370
868 3557 1089 3677 dicereqpoaeere
1100 3554 1137 3607 lt·
1157 3555 1199 3608 ²a¹

122 3629 171 3680 377
189 3630 326 3678 incernam
343 3627 428 3680 Bnrrn.
479 3632 634 3679 immensum
658 3642 689 3680 ex
707 3626 800 3695 lleynii
823 3627 890 3681 coni.
908 3624 984 3679 Rib.
1035 3628 1062 3676 et
1080 3639 1122 3675 me
1148 3629 1200 3676 'am

123 3694 226 3762 quidam
244 3694 314 3750 Phh.
331 3696 405 3759 1881,
422 3696 485 3757 148;
502 3699 658 3746 immensum
676 3734 683 3748 .
701 3734 708 3751 .
726 3697 816 3746 orbem
831 3693 923 3761 Jasper
940 3691 1024 3746 de.
1044 3694 1119 3755 1819,
1137 3694 1199 3746 368.

123 3766 206 3814 toturn
224 3778 248 3815 v.
266 3763 350 3816 damn.
369 3761 469 3815 Peerlk.
563 3764 613 3816 383
630 3763 679 3814 illa
696 3778 768 3830 prop.
787 3762 827 3815 lll.
925 3762 975 3815 388
989 3752 1111 3813 ‘otiosus’
1129 3757 1198 3814 Rbb.

122 3827 190 3881 Prol.
210 3833 250 3884 m.
323 3833 370 3884 391
388 3831 524 3898 pandere?
602 3832 652 3883 391
667 3835 776 3898 pectora
794 3830 876 3894 b¹c¹7q
893 3827 945 3883 det.
964 3827 1064 3881 Schrat.
1084 3829 1160 3892 1888,
1173 3831 1199 3882 3.

120 3903 227 3965 pectore
245 3901 294 3951 cet
310 3898 377 3950 libri.
464 3900 514 3951 396
532 3897 727 3965 Peerlkampnm
745 3904 849 3951 secutus
866 3901 927 3949 ente
945 3898 995 3950 395
1013 3910 1069 3964 pos
1085 3894 1162 3949 Ribb.
