2286 4394
74 199 138 258 248
294 198 321 251 P.
335 195 464 250 venunt
482 194 629 250 Minurus
648 196 812 253 AENEIDOS
831 198 891 252 ula.
910 199 949 252 lll.

73 375 129 434 lius
150 370 270 432 inimica
292 388 384 450 super
406 369 497 430 mixtu
520 368 627 449 premit
650 368 768 448 agmine
791 372 893 447 turba,

75 475 132 518 nee
153 455 292 516 miseram
315 455 461 534 effugiunt
481 463 623 526 mortem,
646 454 699 515 sed
720 454 824 518 limine
847 458 878 518 in
900 459 978 538 ipsu,

75 540 233 602 moenibus
255 541 286 601 in
309 540 412 619 patriis
432 547 521 619 atque
543 539 620 599 intra
643 546 707 599 tuta
728 539 888 603 domorum

75 625 185 687 eundxi
208 625 359 705 exspirant
380 624 501 685 animas.
544 641 614 704 pars
635 622 775 686 claudere
797 635 915 705 portas,

76 729 134 772 nec
157 710 245 771 sociis
267 711 384 790 aperire
405 709 480 769 viam
503 726 560 769 nee
581 709 739 771 moenibus
761 712 874 773 audent

76 796 211 875 accipere
234 795 362 867 orantis,
385 794 538 873 oriturque
562 793 726 855 miserrima
749 796 856 858 caedes

77 881 288 942 defendentum
312 880 400 940 armis
421 878 516 939 aditus
538 878 631 958 inque
653 897 735 940 arma
757 889 908 942 ruentum.

78 965 189 1027 exclusi
211 974 279 1026 ante
302 964 403 1026 oculos
423 963 690 1042 lacrimantumque
713 982 766 1025 ura
786 975 944 1045 parentum

77 1069 147 1131 pars
169 1051 200 1110 in
223 1049 397 1130 praecipites
419 1049 512 1110 lossas
532 1055 659 1126 urgente
682 1049 768 1110 ruina

77 1135 218 1207 volvitur,
242 1134 378 1195 immissis
400 1151 469 1213 pars
491 1150 577 1194 caeca
600 1141 630 1194 et
651 1133 769 1195 concita
792 1136 885 1196 lr‘enis

78 1219 184 1279 arietat
205 1219 236 1279 in
259 1228 359 1298 portas
382 1226 411 1278 et
432 1219 523 1279 duros
545 1216 630 1278 obice
653 1218 756 1296 postis.

78 1303 158 1382 ipsae
181 1303 217 1362 de
240 1303 333 1363 muris
353 1319 468 1364 summo
492 1302 653 1363 certamine
676 1311 785 1365 matres

78 1387 237 1465 (monstrat
258 1403 341 1447 amor
362 1403 449 1447 verus
471 1388 613 1466 patriae),
636 1395 670 1448 nt
689 1387 791 1450 videre
813 1388 979 1466 Camillam,

79 1470 135 1531 tela
156 1489 247 1532 mann
269 1471 401 1550 trepidae
423 1471 535 1532 iaciunt
557 1490 591 1533 ae
614 1471 721 1533 robure
745 1473 820 1536 duro

78 1555 227 1634 stipitibus
249 1557 360 1617 serrum
381 1555 564 1635 sudibusque
586 1556 742 1618 imitantur
763 1558 879 1621 obustis

80 1641 258 1722 praecipites
281 1642 453 1724 primaeque
476 1643 552 1703 mori
575 1661 629 1722 pm
652 1643 810 1705 moenibus
832 1645 948 1706 ardent.

165 1726 281 1789 lnterea
303 1727 438 1789 Turnum
461 1728 492 1787 in
515 1727 594 1789 silvis
615 1727 801 1790 saevissimus
823 1729 927 1809 implet

81 1812 206 1874 nuntius
228 1821 258 1874 et
279 1813 377 1873 inveni
400 1813 550 1892 ingentem
573 1813 631 1873 lert
653 1814 729 1874 Aeea
750 1814 927 1876 tumultum:

81 1896 192 1958 deletas
212 1897 386 1959 Volscorum
409 1897 502 1970 acies,
525 1897 665 1959 cecidisse
689 1896 856 1973 Camillam,

83 1982 224 2062 ingruere
247 1983 380 2044 intensos
402 1981 495 2044 hostis
516 1990 545 2044 et
567 1982 660 2043 llarte
681 1984 813 2045 seeundo

82 2067 182 2128 omnia
205 2068 398 2148 corripuisse,
421 2074 539 2146 metum,
554 2067 610 2127 iam
633 2066 669 2127 ad
692 2068 809 2129 moenia
830 2069 913 2130 ferri.

83 2151 132 2213 ille
154 2153 258 2215 furens
281 2155 323 2231 (et
344 2172 428 2215 saeva
450 2152 526 2214 lovis
547 2152 589 2214 sic
613 2152 736 2212 numina
757 2156 899 2231 posenni)

83 2236 191 2298 deserit
212 2238 348 2300 obsessos
371 2238 469 2311 collis,
493 2255 613 2298 nemora
636 2255 738 2316 aspera
761 2237 878 2317 linquit.

81 2321 128 2382 vix
151 2340 167 2383 e
190 2331 353 2403 eonspeetu
377 2324 488 2385 exierat
509 2340 705 2402 eampumque
726 2322 861 2397 tenebat,

83 2424 151 2466 cum
173 2415 257 2485 pater
279 2408 393 2469 Aeneas
416 2409 505 2469 saltus
527 2408 679 2488 ingressus
700 2415 820 2487 apertus

83 2499 300 2569 exsuperatque
321 2492 423 2569 iugum
446 2492 575 2571 silvaque
599 2493 693 2554 evadit
715 2511 815 2573 opaea.

83 2575 125 2637 sie
147 2574 234 2635 ambo
256 2576 292 2636 ad
315 2595 417 2638 murus
439 2577 533 2656 rapidi
556 2587 679 2656 tutoque
702 2578 839 2639 feruntur

83 2659 200 2740 agmine
223 2679 279 2722 nee
301 2660 399 2742 longis
421 2663 499 2724 inter
521 2682 552 2725 se
575 2663 710 2744 passibus
732 2663 854 2737 absunt,

84 2764 118 2807 ae
140 2746 226 2808 simul
248 2749 362 2809 deneas
385 2748 524 2809 fumantis
546 2748 665 2828 pulvere
688 2767 808 2828 campus

83 2832 237 2913 prospexit
258 2834 346 2913 longe
369 2834 586 2912 laurentiaqne
608 2833 724 2911 agmina
746 2833 832 2903 vidit,

85 2928 115 2978 et
137 2937 255 2980 saevum
278 2919 397 2980 Aenean
421 2920 558 3000 adgnovit
579 2919 699 2979 Turnus
721 2919 752 2978 in
776 2917 864 2978 armis

84 3003 303 3082 adventumque
325 3004 434 3083 pedum
456 3007 601 3084 flatusque
623 3003 732 3064 audivit
754 3020 908 3082 equorum.

85 3088 289 3164 continuoque
310 3088 413 3149 ineant
434 3107 550 3168 pugnas
572 3096 601 3148 et
622 3088 734 3168 proelia
755 3095 919 3167 temptent,

85 3170 117 3229 ni
139 3188 242 3232 roseus
264 3172 357 3232 fessos
379 3174 437 3233 iam
459 3173 574 3252 gurgite
596 3173 735 3234 Phoebus
757 3173 866 3233 Hibero

84 3254 201 3334 tinguat
224 3274 316 3334 equos
338 3265 515 3336 noctemque
539 3257 585 3318 die
607 3258 725 3319 labente
746 3257 876 3319 reducat.

86 3340 246 3402 considunt
268 3341 372 3403 eastris
393 3351 461 3403 ante
484 3342 587 3403 urbem
611 3353 640 3404 et
662 3344 779 3405 moenia
802 3341 917 3402 vallant.

174 3511 223 3561 882
241 3512 314 3561 inter
330 3509 389 3560 libri
407 3526 444 3576 pr.
457 3510 518 3570 lth;
536 3509 610 3562 Ribb.
680 3512 730 3564 892
748 3508 878 3561 uersiculi
913 3504 1059 3558 virescunt

87 3591 177 3628 versae
196 3577 295 3629 Schrdt.
316 3579 389 3640 1888,
408 3581 448 3631 12.
483 3582 599 3645 patriae,
616 3594 720 3629 versam
739 3578 831 3644 Schap.
849 3576 997 3628 continuata
1016 3587 1058 3639 par

85 3644 385 3778 tttttddllttt·
439 3645 698 3768 P‘llltla‘lllt
716 3714 754 3766 n
785 3649 834 3700 ⁸⁹⁵
848 3639 1058 3767 tdttd'tt

81 3780 298 3842 pedamentum
315 3799 337 3833 π
373 3753 379 3766 .
424 3785 473 3835 912
491 3786 586 3841 ineunt
632 3733 664 3832 lbq
710 3788 840 3849 temptant
856 3796 887 3852 yc
1052 3744 1058 3774 ¹
