2286 4394
74 186 135 248 192
445 183 474 237 P.
488 183 614 238 mour
629 182 778 238 naonis

74 372 104 423 et
125 359 256 437 Sagarim
279 366 310 418 et
330 357 453 419 mmmis
473 366 602 418 stentem
623 374 680 436 pro
700 357 840 420 turribus
863 358 953 428 idun,

74 446 249 508 Privernum
272 442 376 524 Capys
420 443 501 504 hune
522 442 620 523 primo
642 441 714 504 ieris
735 443 821 505 hesta
844 443 1002 506 'i'hemiiiee

73 529 248 593 strinxernt:
271 528 319 589 ille
341 546 462 589 menum
483 528 617 608 proiecto
638 527 770 605 tegmine
791 529 920 592 demens

74 615 110 677 nd
132 613 238 676 volnus
258 613 342 691 tulit;
364 631 436 692 ergo
457 613 512 675 aiis
532 612 651 692 adlapsa
671 613 791 691 sagitta,

74 711 105 762 et
127 700 208 761 ieero
231 699 320 760 tauxa
342 708 388 761 est
409 699 493 760 lateri
515 716 638 771 manus,
658 697 817 778 abditaque
839 699 922 761 inuis

74 786 254 868 spiramenta
276 785 392 846 animae
413 783 491 845 letali
513 783 635 845 volnere
656 784 746 862 rupit

74 870 169 934 stabat
190 871 220 931 in
244 870 371 950 egregiis
391 869 528 930 dreentis
550 868 627 930 tilius
647 869 737 930 armis

76 957 173 1037 pietus
193 973 248 1017 neu
270 954 453 1035 chlamydem
475 964 505 1015 et
525 954 679 1033 ferrugine
699 953 798 1015 clarus
819 952 947 1026 Hibera,

75 1041 200 1189 ieplsigpis
222 1040 321 1186 ippipp
334 1039 704 1185 gpnitorsquemmmiserat
723 1041 839 1100 Arcens

114 1145 214 1189 noum
267 1142 338 1186 ans
370 1143 426 1186 ueo
490 1143 553 1185 mee
587 1142 614 1184 u
635 1142 749 1185 orreum

77 1212 213 1285 flumine,
235 1210 354 1289 pinguis
376 1208 426 1270 ubi
448 1144 488 1270 ety
500 1208 652 1289 placabilis
672 1228 722 1270 ara
746 1209 852 1270 Pauci:

76 1297 250 1357 stridentem
274 1295 394 1355 tundam
416 1294 521 1373 positis
543 1293 705 1356 Mezentius
727 1294 817 1355 hastis

76 1381 139 1459 ipse
161 1391 208 1441 ter
229 1378 353 1440 adducta
375 1379 488 1440 circum
510 1387 601 1459 ceput
620 1379 681 1458 egit
702 1379 817 1440 habens

77 1474 107 1525 et
128 1464 223 1525 media
244 1463 358 1525 adversi
378 1463 537 1542 liquefacto
559 1473 693 1544 tempora
715 1463 839 1544 plumbo

76 1548 181 1609 diffidit
203 1566 237 1609 ao
259 1548 349 1609 multa
371 1560 543 1628 porrectum
566 1549 697 1610 extendit
717 1549 839 1610 harena.

161 1632 237 1694 Tum
260 1633 389 1713 primum
411 1633 488 1696 bello
510 1635 639 1696 celerem
659 1633 824 1695 intendisse
844 1632 981 1710 sagittam

76 1717 198 1791 dieitur,
220 1727 290 1779 aute
312 1719 388 1781 seras
408 1720 513 1783 solitus
531 1728 645 1781 terrere
666 1719 779 1799 fugacis

77 1803 220 1866 Ascanius
242 1805 408 1883 sortemque
430 1823 520 1865 mann
543 1805 653 1866 fudisse
674 1805 860 1874 Numanum,

77 1890 124 1950 oui
147 1888 271 1951 Remulo
294 1907 460 1968 cognomen
485 1900 546 1951 erat
568 1889 723 1968 Turnique
744 1889 892 1950 minorem

76 1992 246 2055 germanum
270 1993 367 2054 nuper
387 1975 515 2037 thalamo
537 1975 665 2037 sociatus
686 1973 823 2036 habebat

77 2061 102 2122 is
124 2061 249 2140 primam
271 2069 340 2122 ente
362 2062 455 2122 aciem
477 2061 566 2140 digna
588 2069 678 2140 atque
700 2060 822 2139 indigna
844 2058 940 2120 relatu

76 2145 242 2207 vociferans
263 2146 452 2226 tumidusque
474 2165 551 2207 novo
572 2146 745 2227 praecordia
766 2163 861 2225 regno

78 2230 138 2292 ibat
159 2239 189 2291 et
211 2231 363 2309 ingentem
385 2251 450 2294 sese
473 2233 601 2293 clamore
624 2229 752 2292 terebat:

74 2309 149 2376 ‘non
172 2315 265 2394 pudet
287 2315 440 2378 obsidione
462 2318 569 2378 iterum
591 2316 724 2396 valloque
746 2315 854 2387 teneri,

76 2399 122 2460 bis
144 2400 220 2478 eapti
245 2400 390 2479 Phryges,
414 2411 443 2462 et
466 2404 552 2463 morti
575 2402 769 2482 praetendere
791 2396 917 2462 muros?

77 2502 131 2555 en,
155 2484 205 2562 qui
230 2492 328 2544 nostra
350 2486 406 2546 sibi
429 2486 505 2547 bello
529 2488 657 2549 conubia
679 2486 820 2567 poscunt!

78 2569 142 2647 quis
163 2569 236 2629 dens
258 2568 385 2644 italiam,
408 2590 483 2651 quae
506 2592 557 2634 vos
579 2574 726 2635 dementia
748 2568 865 2650 adegit?

78 2672 138 2714 nou
161 2653 210 2714 hie
232 2653 349 2715 Atridae
373 2676 429 2719 neo
452 2659 530 2719 sandi
554 2661 640 2721 detor
661 2658 771 2719 Ulixes.

77 2740 184 2800 durum
207 2759 222 2800 o
245 2740 336 2820 stirpe
359 2762 453 2822 genus
476 2753 560 2806 natos
583 2744 618 2805 ad
640 2744 762 2804 flumina
784 2741 913 2821 primum

77 2824 235 2887 deserimus
257 2845 401 2906 saevoque
422 2830 489 2910 gelu
512 2832 650 2891 duremus
672 2839 701 2889 et
722 2828 825 2899 undis3

77 2921 182 2973 venatu
206 2911 359 2991 invigilent
380 2917 464 2996 pueri
487 2916 631 2995 silvasque
653 2914 790 2994 fatigant,

78 2996 196 3057 flectere
218 2997 305 3058 ludus
326 3018 419 3079 equos
442 3013 471 3063 et
493 3003 604 3081 spicula
627 3000 749 3061 tendere
772 3013 882 3075 eornu3

77 3089 107 3140 et
128 3082 242 3176 petiens
265 3101 389 3161 operum
413 3105 560 3165 parvoque
583 3087 703 3147 adsueto
724 3084 861 3144 iuventus

78 3173 128 3224 eut
150 3165 250 3225 rastris
272 3174 380 3228 terram
403 3171 503 3232 domat
524 3180 574 3232 aut
596 3172 689 3251 quatit
711 3167 818 3266 oppida
841 3163 936 3234 beilo;

79 3266 166 3309 omne
189 3268 291 3309 aevum
314 3253 391 3315 ferro
414 3256 532 3329 teritur,
556 3275 698 3337 versaque
720 3256 877 3316 iuvencum

78 3343 159 3414 terga
182 3335 335 3432 fatigemus
357 3340 436 3400 haste
459 3359 515 3401 neo
537 3343 617 3402 tarda
639 3351 776 3403 senectus

77 3418 208 3480 debilitat
230 3419 299 3481 viris
320 3425 409 3487 enimi
434 3434 584 3505 mutatque
605 3427 751 3505 vigorem·

77 3504 213 3566 eenitirm
237 3506 318 3606 galee
340 3511 503 3592 premimus
524 3530 700 3609 semperque
721 3508 850 3572 recentis

78 3601 280 3703 oomportere
287 3595 364 3658 iuvat
386 3597 507 3677 praedas
530 3607 559 3657 et
580 3598 676 3658 vivere
698 3605 793 3675 rapto.

164 3754 212 3803 579
232 3749 326 3811 adlioeu
345 3747 382 3819 Py
394 3747 466 3799 Serv
553 3749 603 3799 584
620 3750 699 3796 matis
717 3747 742 3798 e¹
796 3744 892 3796 Martis
909 3746 958 3791 eet
977 3738 994 3787 l.
1012 3750 1046 3802 pr

79 3813 154 3868 Mser.
167 3820 220 3869 Set.
235 3816 312 3878 vlo,
326 3821 365 3870 15.
400 3818 495 3865 metm
513 3812 605 3879 ann
624 3814 673 3867 LV
694 3818 750 3867 109
838 3802 1046 3864 585Polieiei'1

78 3883 128 3933 teo
148 3885 230 3935 Marti
246 3853 433 3949 aliquotam?
452 3881 517 3933 Pier.
536 3900 552 3942 χ
639 3885 686 3934 607
706 3886 743 3944 at]
762 3887 789 3931 et
806 3901 827 3934 π
