2286 4394
459 107 621 172 muninus
639 108 697 163 LlB.
714 109 745 162 ll.

10 266 140 343 illue
160 281 271 343 Clonus
292 279 450 362 Eurytides
470 281 564 342 multo
587 282 748 343 caelaverat
768 301 859 356 auro;

10 344 120 423 1¹¹0
145 385 227 429 nunc
248 365 371 427 'l'uruus
392 373 459 427 ovat
480 366 576 446 spolio
598 367 764 446 gaudetque
786 368 906 448 potitus.

146 452 250 513 Nescia
271 469 357 512 mens
379 451 533 513 hominum
555 451 607 512 lati
628 452 777 531 sortisque
799 453 914 515 futurae

106 552 230 600 servare
250 534 372 598 modum
394 536 484 597 rebus
506 534 619 598 sublata
640 537 793 600 secundisl

10 578 166 687 No
187 629 306 701 tempus
325 620 399 697 erit,
421 639 529 701 magno
552 639 620 683 cum
643 623 788 701 optaverit
809 632 941 703 emptum

11 684 206 768 ¹¹=tactum
228 706 358 767 Pallanta
380 715 410 768 et
431 724 498 767 cum
519 707 614 786 spolia
634 707 689 768 ista
711 707 848 787 diemque

27 782 166 869 Pderit
210 800 240 852 at
261 791 334 852 socii
356 791 449 852 multo
470 791 582 870 gemitu
604 790 791 870 lacrimisque

34 864 340 957 ¹1np0situmscuto
363 877 498 938 referunt
520 876 649 937 Pallanta
672 878 853 956 frequentes.

45 961 190 1041 {dolor
211 969 300 1040 atque
320 960 412 1023 decue
433 979 572 1041 magnum
596 961 725 1022 rediture
748 962 878 1041 parentii

58 1028 135 1108 hee
157 1054 188 1107 te
210 1045 303 1126 prima
326 1045 388 1108 dies
410 1044 488 1107 bello
511 1045 608 1122 dedit,
631 1044 704 1107 haec
727 1047 827 1108 eadem
850 1050 962 1121 aufert,

72 1144 130 1193 etun
152 1139 253 1192 tamen
275 1131 406 1210 ingentis
426 1130 605 1192 Rutulorum
628 1130 738 1210 linquis
760 1151 890 1195 acervos.

148 1215 212 1278 Nec
233 1215 291 1275 iam
313 1216 388 1277 lama
410 1215 479 1277 mali
501 1216 590 1289 tanti,
612 1215 664 1276 sed
687 1217 796 1277 certior
818 1228 921 1280 auctor

69 1300 179 1363 advolat
200 1303 331 1361 Aeneae:
354 1301 436 1362 tenui
458 1300 628 1362 discrimine
650 1300 700 1361 leti

67 1404 127 1449 esse
149 1404 234 1461 suos,
258 1393 375 1465 tempus
397 1386 488 1448 versis
509 1403 684 1447 succurrere
705 1385 730 1446 Τ
732 1386 838 1447 eucris.

64 1471 199 1553 proxima
221 1488 356 1550 quaeque
378 1470 462 1531 metit
483 1470 578 1549 gladio
600 1471 751 1549 latumque
773 1489 828 1550 per
849 1490 952 1550 agmen

63 1558 172 1619 ardens
193 1555 315 1617 limitem
339 1556 398 1634 agit
418 1556 515 1629 ferro,
538 1563 582 1628 te,
605 1554 725 1630 Turne,
747 1556 910 1635 superbum

63 1643 154 1705 caede
177 1658 254 1703 nova
275 1659 432 1721 quaerens.
476 1640 585 1714 Pallas,
610 1639 764 1714 Euander,
786 1640 817 1701 in
841 1641 911 1721 ipsis

62 1727 165 1790 omnia
187 1734 259 1788 suut
279 1725 388 1801 oculis,
411 1743 548 1800 mensae,
571 1743 645 1804 quas
667 1725 777 1786 advena
799 1726 910 1805 primas

61 1824 138 1875 tuuc
161 1810 247 1885 adiit,
269 1809 449 1889 dextraeque
471 1810 563 1871 datae.
608 1810 750 1872 Sulmone
774 1821 887 1873 creatos

61 1905 208 1978 quattuor
228 1895 277 1957 hic
298 1896 435 1969 iuvenes,
457 1896 595 1969 totidem,
618 1913 694 1974 quos
716 1895 821 1956 educat
843 1896 948 1968 Ulens,

61 1981 190 2044 virentis
212 1980 305 2060 rapit,
328 1979 449 2042 inferias
471 1998 547 2059 quos
568 1980 699 2041 immolet
720 1981 834 2043 umbris

62 2066 241 2147 captivoque
263 2064 328 2146 rogi
350 2063 510 2146 perfundat
531 2065 676 2143 sanguine
697 2066 837 2127 flammas.

151 2150 225 2213 lnde
246 2149 332 2230 llago
353 2149 460 2230 procul
480 2150 628 2212 infensam
650 2151 844 2212 contenderat
865 2152 987 2213 hastam.

10 2292 14 2297 .
62 2236 115 2299 ille
137 2244 203 2298 astu
224 2235 319 2310 subit,
341 2244 371 2297 at
392 2235 578 2297 tremibunda
600 2235 768 2315 supervolat
789 2237 887 2312 hasta,

63 2332 96 2384 et
117 2338 216 2401 genua
238 2319 419 2400 amplectens
441 2321 547 2382 ellatur
568 2320 635 2382 talia
656 2320 796 2401 supplex:

59 2401 133 2487 ‘per
153 2405 265 2486 patrios
286 2405 381 2467 manis
403 2414 433 2467 et
453 2424 523 2486 spes
544 2406 694 2485 surgentis
716 2405 771 2466 luli

63 2501 97 2552 te
118 2508 241 2570 precor,
265 2490 342 2552 hanc
363 2491 490 2552 animam
512 2509 611 2554 serves
633 2501 783 2570 gnatoque
805 2493 950 2572 patrique.

65 2585 114 2638 est
135 2576 241 2637 domuc
262 2575 335 2650 alta,
356 2575 455 2637 iacent
475 2576 596 2656 penitus
617 2577 731 2638 defossa
754 2577 863 2637 talenta

65 2660 172 2722 caelati
194 2661 322 2739 argenti,
345 2669 416 2722 suut
438 2662 502 2722 auri
523 2660 656 2741 pondera
679 2660 747 2721 iacti

65 2744 231 2824 infectique
252 2744 333 2806 mihi.
377 2765 440 2807 uon
462 2747 511 2807 hic
532 2745 652 2807 victoria
674 2745 823 2807 Teucrum

65 2829 194 2892 vertitur
214 2837 265 2891 aut
286 2830 383 2891 anima
406 2849 466 2892 una
487 2829 567 2892 dabit
588 2830 758 2892 discrimina
781 2823 886 2891 tanta.'

66 2915 191 2977 dixerat.
234 2920 348 2977 Aeneas
371 2923 473 2977 contra
497 2915 545 2978 cui
567 2915 634 2976 talia
656 2915 766 2976 reddit:

63 2993 194 3080 ‘argenti
215 3007 303 3079 atque
324 3001 389 3062 auri
411 3018 557 3062 memoras
578 3018 653 3079 quae
675 3000 767 3062 multa
788 2999 914 3074 talenta,

66 3084 167 3165 gnatis
187 3102 278 3165 parce
298 3085 367 3147 tuis.
411 3084 480 3147 belli
504 3086 680 3147 commercia
702 3084 823 3147 Turnus

67 3169 188 3234 sustulit
208 3170 262 3231 ieta
283 3170 368 3250 prior
389 3171 447 3231 iam
468 3178 531 3232 tum
555 3170 683 3231 Pallante
704 3178 868 3251 perempto.

67 3256 127 3317 hoc
149 3255 242 3334 patris
262 3254 409 3318 Anchisae
430 3274 549 3330 manes,
571 3256 628 3317 hoc
651 3256 740 3316 sentit
762 3250 866 3317 lnlus.'

67 3340 113 3403 sic
135 3340 211 3402 latus
231 3339 344 3419 galeam
366 3341 446 3402 laeva
468 3349 551 3402 tenet
571 3348 660 3419 atque
682 3341 791 3401 reflexa

68 3424 186 3487 cervice
207 3425 320 3487 orantis
341 3426 447 3506 capulo
469 3434 557 3487 tenus
580 3425 707 3505 applicat
728 3442 839 3487 ensem.

157 3575 235 3641 50719
254 3575 331 3628 sociis
349 3575 408 3628 trib.
425 3569 488 3627 ‘alii'
506 3591 546 3642 ep.
566 3573 638 3627 Serv.
726 3576 775 3627 512
800 3576 881 3623 uersu
899 3575 1002 3636 ternpus
1019 3566 1057 3636 Py
1071 3565 1136 3619 Ribb

70 3645 119 3696 521
140 3642 270 3705 infectam
287 3641 360 3714 Pny¹
429 3640 842 3713 522at1aeu1³y²nltinn.en
860 3639 898 3690 Μι
976 3638 1027 3689 524
1045 3637 1079 3698 ct]
1093 3651 1125 3701 p:

68 3709 236 3777 (nucea)
252 3711 299 3782 y'x
367 3713 417 3765 526
436 3712 546 3777 deposta
565 3710 604 3763 lll.
626 3712 699 3774 1879,
718 3711 758 3763 25.
835 3709 883 3761 533
902 3707 949 3758 illa
968 3704 994 3756 Μ
1045 3706 1126 3755 iam.

66 3784 209 3847 perempto
227 3779 310 3831 damn.
328 3776 430 3832 Peerllr.
516 3781 566 3831 536
586 3782 676 3830 oranti
693 3776 828 3830 monuo.
