2286 4394
443 201 603 255 nunninus
621 202 679 256 mn.
698 202 717 256 1.

35 393 89 436 seu
111 393 166 435 vus
189 373 363 453 Hesperiam
385 391 521 452 magnam
545 374 740 454 Saturniaque
763 394 830 436 arva

38 459 97 522 sive
120 459 227 539 Erycis
250 459 319 519 linis
340 477 499 538 regemque
522 459 628 537 optatis
649 460 792 535 Acesten,

40 545 147 606 auxilio
171 553 253 605 tutos
275 543 420 604 dimittam
444 543 609 623 opibusque
632 544 752 618 iuvabu;

38 630 127 691 *voltis
150 629 248 690 ethis
270 646 387 689 mecum
408 629 520 709 pariter
542 629 695 691 considere
718 631 833 710 regnisz

44 715 145 776 urbem
169 732 259 792 quam
282 723 394 785 statue,
417 723 511 775 vestra
534 722 594 788 est3
617 714 770 777 subducite
794 715 891 790 navis;

45 799 117 861 Tros
138 799 306 879 Tyriusque
329 798 399 859 mihi
423 799 504 860 nullo
526 799 694 861 discrimine
718 811 830 878 agetur.

47 894 131 964 atque
154 883 268 946 utinam
290 902 342 944 ren
363 884 428 963 ipse
449 895 520 945 nutu
543 885 713 964 compulsus
735 887 837 946 ecdem

48 969 158 1030 adloret
180 969 309 1030 Aeneasl
334 969 470 1047 equidem
492 988 547 1049 per
568 970 653 1031 litora
676 979 773 1032 certus

49 1055 187 1115 dimittam
210 1062 241 1114 et
262 1053 370 1134 Libyae
391 1053 517 1116 lustrare
541 1062 670 1116 extrema
691 1054 818 1126 iubebo,

50 1138 203 1218 siquibus
226 1139 336 1201 eiectus
359 1139 438 1200 silvis
459 1149 510 1200 aut
530 1139 655 1202 urbibus
678 1135 775 1200 errat?

128 1224 183 1286 His
206 1224 335 1285 animum
359 1225 465 1285 arrecti
487 1225 572 1286 dictis
594 1233 624 1286 et
643 1226 730 1286 fortis
751 1224 876 1286 Achates

53 1318 78 1370 et
96 1320 182 1388 pater
204 1309 318 1370 Aeneas
340 1309 507 1370 iamdudum
531 1328 688 1388 erumpere
711 1310 822 1371 nubem

54 1394 197 1456 ardebant.
242 1395 323 1474 prior
345 1396 464 1455 Aenean
487 1395 645 1474 compellat
666 1396 807 1457 Achates:

52 1473 124 1540 ‘nate
146 1480 216 1552 dea,
241 1497 315 1558 quae
339 1498 420 1540 nunc
442 1479 540 1541 animo
562 1480 709 1547 sententia
731 1477 846 1560 surgit?

57 1565 144 1626 omnia
169 1573 230 1625 tuta
253 1564 349 1636 vides,
372 1565 493 1626 classem
517 1565 673 1644 sociusque
695 1575 840 1645 receptus.

57 1666 124 1711 uuus
145 1649 243 1723 abest,
265 1649 362 1710 medic
384 1651 416 1711 in
439 1651 530 1711 lluctu
554 1668 642 1728 quem
663 1650 787 1713 vidimus
810 1650 865 1729 ipsi

57 1733 249 1810 submersum,
271 1735 357 1796 dictis
378 1735 561 1815 respondent
582 1744 678 1796 cetera
701 1730 821 1797 matris?

57 1819 95 1880 rix
115 1838 148 1881 ea
170 1821 248 1881 latus
271 1827 348 1895 crat,
370 1838 438 1881 cum
461 1821 638 1882 circumfusa
661 1831 785 1901 repente

57 1905 155 1966 scindit
175 1924 208 1967 se
230 1904 327 1966 nubes
349 1906 430 1966 etin
453 1907 571 1967 aethera
593 1916 700 1985 purgat
721 1913 865 1985 apertum.

58 1991 153 2052 restitit
174 1991 291 2051 Aeneas
313 1990 449 2069 claraque
471 1991 502 2052 in
525 1990 591 2052 luce
614 1991 730 2052 refulsit

58 2093 84 2136 cs
104 2093 284 2154 umerosque
306 2076 363 2136 deu
383 2075 501 2150 similis3
525 2095 652 2154 namque
675 2077 738 2155 ipsa
760 2075 896 2135 decoram

57 2161 205 2222 caesariem
229 2169 299 2221 nato
322 2161 456 2239 genetrix
477 2162 638 2240 lumenque
660 2161 796 2222 iuventae

56 2261 231 2326 purpureum
255 2256 285 2305 et
304 2245 397 2307 laetos
419 2247 512 2308 oculis
533 2247 654 2307 adllarat
675 2248 821 2308 bonores:

55 2331 132 2408 quale
155 2349 262 2392 manus
285 2330 396 2392 addunt
417 2331 501 2392 ebori
522 2333 626 2406 decus,
651 2340 701 2392 aut
722 2331 774 2392 ubi
795 2331 869 2392 tlavc

55 2424 204 2495 argentum
226 2415 364 2481 Pariusve
386 2416 460 2497 lapis
481 2417 682 2479 circumdatur
703 2436 785 2478 auro.

55 2509 110 2561 tum
132 2501 175 2562 sic
197 2500 331 2580 reginam
353 2501 523 2581 adloquitur
544 2502 718 2581 cunctisque
741 2510 865 2582 repente

56 2583 225 2666 improvisus
247 2585 303 2646 ait:
323 2581 454 2662 ‘caram,
477 2606 566 2666 quem
589 2587 745 2667 quaeritis,
768 2586 869 2648 adsum

56 2668 154 2733 Troius
177 2671 306 2743 Aeneas,
328 2671 446 2752 Libycis
468 2682 587 2751 ereptus
608 2672 645 2732 ab
668 2672 764 2733 undis.

55 2756 148 2818 csola
171 2756 310 2817 infandos
332 2756 437 2818 Troiae
458 2758 593 2819 miserata
614 2756 746 2831 labores,

56 2857 122 2918 qnae
147 2860 219 2915 nos,
243 2840 381 2921 reliquias
403 2842 552 2917 Danaum,
574 2851 731 2920 terraeque
753 2841 902 2919 marisque

56 2926 188 2988 amnibus
210 2926 367 2988 exhaustus
388 2927 446 2987 iarn
468 2927 601 3000 casibus,
624 2927 757 2988 omnium
780 2944 890 3005 egenos

55 3010 121 3073 urbe
144 3011 234 3072 domo
256 3011 366 3085 socias,
388 3022 486 3091 grates
508 3013 675 3092 persolvere
697 3012 800 3091 dignas
1080 3016 1125 3068 600

56 3114 109 3158 nun
134 3097 200 3177 epis
223 3105 268 3157 est
290 3105 425 3169 nostrae,
448 3098 538 3171 Dide,
562 3117 618 3158 nec
641 3096 783 3176 quidquid
805 3094 916 3173 ubique
939 3102 983 3156 est

55 3182 146 3260 gentis
167 3181 347 3257 Dardaniae,
369 3200 508 3262 magnum
532 3201 607 3261 quae
629 3200 728 3261 sparsa
750 3200 805 3260 per
828 3180 941 3241 orbem.

56 3266 79 3327 di
100 3266 170 3342 tibi,
194 3267 300 3345 siqua
322 3268 388 3346 pius
408 3277 577 3346 respectant
599 3268 737 3340 numina,
760 3267 785 3328 si
808 3266 878 3345 quid

55 3369 174 3432 usquam
197 3352 307 3413 iustitia
330 3361 374 3414 est
396 3362 425 3413 et
446 3371 531 3414 mens
552 3352 608 3414 sibi
631 3352 750 3414 conscia
772 3353 862 3426 recti,

53 3438 178 3516 praemia
201 3437 290 3516 digna
313 3438 419 3498 lerant.
471 3456 545 3517 quae
568 3449 597 3499 te
619 3448 678 3499 tarn
700 3438 775 3498 laeta
797 3437 929 3498 tulerunt
1080 3444 1125 3495 605

53 3520 186 3584 saecula?
209 3523 260 3601 qui
282 3523 356 3584 tanti
379 3523 467 3593 talem
490 3542 620 3603 genuere
642 3519 803 3602 parentes?

133 3677 185 3727 574
205 3673 338 3740 Tys-imae
354 3672 434 3727 Gebb.
496 3675 607 3724 babetur
624 3672 690 3724 Non.
709 3674 767 3738 282,
786 3675 830 3733 24;
849 3671 908 3722 inde
929 3671 1038 3720 babetur
1056 3673 1125 3720 auct.

52 3739 130 3795 (lniet.
148 3741 225 3794 Bibr.
245 3744 321 3806 1884,
341 3745 398 3795 510.
468 3744 517 3795 578
534 3744 667 3792 montibus
686 3740 760 3793 Goth.
779 3741 825 3803 56,
843 3739 928 3790 Bnrm.
1009 3739 1058 3790 599
1077 3753 1126 3789 ere-

50 3811 151 3862 lautis
167 3809 202 3862 1³¹
217 3809 290 3862 Serv.
308 3809 357 3875 pl.;
375 3808 450 3863 Ribb.
521 3811 570 3862 602
587 3824 714 3873 magnum
727 3848 734 3862 .
748 3848 753 3859 .
769 3810 857 3858 erbam
874 3805 958 3859 damn.
978 3803 1078 3860 Peerlk.

50 3879 98 3933 664
113 3882 237 3930 iustitiae
253 3879 314 3931 libri
331 3883 433 3944 praeter
446 3877 501 3948 M¹y
570 3879 619 3931 605
636 3875 725 3937 serent
741 3875 805 3927 Jort.
824 3876 882 3928 604.

10 3976 13 4051 ὲ
95 3970 219 4024 Vergilius.
956 3960 975 4012 2

10 4056 13 4097 l
