2474 4388
442 258 604 314 Aruernos
621 260 680 316 LlB.
697 263 740 317 lx.

62 432 187 511 ignaros
209 432 346 493 deinde
339 451 370 493 m
394 434 487 495 muris
509 434 690 514 Martemque
714 437 820 498 cientis

63 515 305 596 Alcandrumque
328 517 504 597 Haliumque
526 519 737 600 Noemonaque
760 523 978 603 Prytanimque.

62 601 218 682 Lynceat
205 603 378 665 tendentem
400 613 504 665 contra
527 606 683 684 sociosque
704 615 859 668 vocantem

64 687 192 748 vibranti
215 688 311 766 gladio
334 689 459 751 conixus
481 690 517 750 ah
541 708 648 770 aggere
671 691 774 753 dexter

65 782 208 853 occupat.
231 773 299 834 huic
322 793 384 834 uno
406 775 552 836 deiectum
575 777 741 838 comminus
763 778 824 838 ictu

64 876 131 918 cum
156 858 237 938 galea
260 859 348 939 longe
371 859 461 921 iacuit
482 870 584 940 caput;
608 862 676 923 inde
699 864 826 923 ferarum

63 951 240 1004 vastatorem
262 946 420 1025 Amycum,
443 963 503 1024 quo
527 965 587 1007 non
610 946 723 1007 felicior
745 948 818 1009 alter

65 1046 180 1106 ungere
202 1029 258 1089 tela
281 1047 370 1090 manu
393 1031 564 1109 lerrumque
586 1049 700 1092 armare
722 1051 851 1106 veneno,

64 1123 93 1174 et
116 1113 243 1194 Clytium
266 1114 407 1176 Aeoliden
431 1124 461 1176 et
482 1117 608 1176 amicum
631 1117 753 1179 Crethea
775 1118 880 1191 Musis,

64 1198 191 1259 Crethea
213 1199 363 1261 illusarum
387 1201 539 1276 comitem,
563 1202 611 1263 cui
633 1204 764 1263 carmina
786 1221 905 1282 semper

65 1293 94 1345 et
116 1285 245 1345 citharae
267 1286 349 1346 cordi
373 1304 573 1366 numerosque
597 1287 750 1348 intendere
774 1289 886 1362 nervis,

64 1387 185 1450 semper
207 1388 299 1449 equos
321 1378 409 1449 atque
431 1389 511 1432 arma
533 1372 628 1433 virum
650 1391 824 1453 pugnasque
847 1374 980 1435 canebat.

152 1455 284 1517 Tandem
307 1457 445 1518 ductores
467 1457 563 1518 audita
587 1459 674 1519 caede
696 1477 818 1520 suorum
911 1496 914 1502 -

64 1541 250 1601 conveniunt
272 1541 396 1616 Teucri,
419 1542 590 1604 Mnestheus
611 1561 737 1622 acerque
761 1544 911 1617 Serestus,

13 1622 23 1639 ⁸
64 1625 253 1705 palantisque
275 1626 375 1687 vident
397 1626 493 1689 socios
516 1628 690 1706 hostemque
713 1637 875 1709 receptum.

63 1719 94 1771 et
118 1705 335 1773 Mnestheus:
339 1730 398 1790 quo
421 1713 527 1773 deinde
550 1714 664 1793 lugam,
689 1723 783 1793 quot
771 1704 924 1775 tenditis?’
949 1714 1055 1793 inquit

61 1788 153 1874 ‘quos
175 1796 247 1858 alios
269 1815 386 1870 muros,
410 1816 486 1893 quae
508 1798 566 1858 iam
587 1798 664 1859 ultra
687 1799 804 1859 moenia
825 1796 962 1861 hahetis‘l

65 1900 145 1943 uuus
168 1881 258 1942 homo
281 1889 310 1942 et
333 1882 452 1957 vestris,
477 1903 494 1944 o
517 1883 609 1957 cives,
632 1884 765 1963 undiquc
788 1894 907 1964 saeptus

63 1967 223 2045 aggeribus
244 1975 340 2028 tantas
362 1977 475 2065 strages
499 1968 620 2048 impune
638 1988 702 2066 ..per
717 1968 822 2029 urbem

64 2049 250 2112 adiderit‘l'
243 2071 383 2113 iuvenum
406 2053 517 2132 primos
540 2063 596 2116 tot
605 2054 718 2115 miserit
741 2053 842 2115 Orco?

66 2156 130 2197 non
154 2137 278 2198 inlelicis
300 2138 411 2216 patriae
433 2147 624 2236 veterumque
647 2139 771 2207 deorum

65 2231 96 2283 et
118 2223 218 2301 magni
241 2223 373 2297 Aeneae,
396 2242 517 2303 segnes,
541 2225 719 2304 miseretque
741 2214 927 2304 pudetquet’

65 2307 176 2368 talibus
198 2308 315 2369 accensi
337 2308 494 2369 firmantur
516 2317 545 2369 et
567 2310 683 2390 agmine
706 2310 799 2370 denso

65 2393 243 2454 consistunt.
287 2393 409 2454 Turnus
430 2393 570 2473 paulatim
593 2395 735 2456 excedere
757 2414 856 2475 pugna

65 2487 97 2538 et
119 2477 240 2538 fluvium
262 2487 363 2557 petere
385 2497 419 2539 ac
441 2489 569 2560 partem,
594 2499 669 2558 quae
691 2481 821 2560 cingitur
845 2480 932 2541 unda.

64 2563 164 2624 acrius
185 2562 243 2623 hoc
264 2563 371 2624 Teucri
395 2563 522 2625 clamore
544 2564 718 2626 incumbere
741 2584 848 2645 magno

65 2659 96 2708 et
118 2648 283 2728 glomerare
305 2666 440 2723 manum,
465 2668 519 2710 ceu
541 2667 659 2711 saevum
682 2651 767 2711 turha
790 2650 907 2711 leonem

66 2751 136 2794 cum
160 2733 225 2794 telis
247 2734 356 2814 premit
377 2733 516 2810 inlensis;
546 2743 575 2795 at
596 2735 719 2796 territus
741 2735 803 2809 ille,

65 2836 169 2898 asper,
192 2817 299 2880 acerba
320 2827 423 2894 tuens,
447 2828 527 2880 retro
550 2821 626 2881 redit
649 2830 678 2881 et
700 2839 797 2898 neque
820 2830 903 2898 terga

66 2905 110 2964 ira
133 2903 201 2964 dare
224 2911 274 2964 aut
295 2904 388 2966 virtus
409 2905 519 2984 patitur
541 2924 597 2966 nec
620 2905 742 2966 tendere
766 2913 869 2965 contra

66 2988 117 3049 ille
140 2988 257 3067 quidem
279 2989 337 3050 hoc
360 2989 484 3069 cupiens
506 2990 584 3069 potis
608 2999 652 3050 est
673 3008 727 3069 per
750 2990 807 3050 tela
828 2990 980 3067 virosque;

66 3073 147 3135 haud
169 3073 253 3135 aliter
275 3084 354 3136 retro
378 3073 484 3136 dubius
506 3074 627 3154 vestigia
650 3074 769 3136 Turnus

66 3159 267 3239 improperata
289 3160 381 3220 relert
404 3168 433 3220 et
456 3178 539 3221 mens
562 3169 711 3221 exaestuat
733 3160 785 3220 ira.

66 3244 142 3323 quin
165 3244 253 3305 etiam
275 3244 320 3306 his
343 3255 404 3306 tum
429 3245 540 3307 medios
561 3245 707 3307 invaserat
730 3245 837 3320 hostis,

67 3329 114 3390 his
137 3330 261 3391 confusa
283 3330 350 3410 luga
372 3349 426 3410 per
448 3349 549 3392 muros
571 3332 688 3411 agmina
709 3332 805 3392 vertit.

155 3414 212 3475 Sed
235 3433 341 3476 manns
363 3434 379 3476 e
402 3415 504 3476 castris
526 3434 655 3496 propere
676 3417 736 3477 coit
758 3415 854 3476 omnis
876 3415 907 3475 in
932 3431 1025 3473 unum

68 3518 126 3560 nec
149 3507 254 3561 contra
275 3500 344 3562 viris
365 3499 453 3561 audet
475 3501 614 3562 Saturnia
635 3501 710 3561 luno

67 3585 222 3661 sufficere3
246 3585 356 3647 aeriam
376 3585 457 3647 caelo
481 3604 548 3646 nam
572 3586 704 3666 luppiter
726 3585 796 3645 lrim

155 3738 204 3788 666
223 3737 357 3786 desectam
373 3735 491 3804 y¹llibh
527 3736 561 3786 d·
570 3735 679 3787 ctumll
749 3738 798 3787 663
818 3737 921 3798 tingere
939 3731 1022 3783 Bentl.
1042 3730 1100 3782 Luc.
1113 3727 1143 3780 lll

66 3805 126 3856 266.
162 3802 403 3870 φανςινοΡοοιΗι.
474 3808 521 3856 666
542 3803 640 3872 lleynio
659 3807 726 3855 auct.
740 3803 800 3855 secl.
815 3802 887 3854 Rihh.
962 3802 1007 3852 681
1028 3796 1142 3864 fugoP¹

65 3874 117 3925 682
137 3887 236 3938 quaene
254 3873 327 3924 ultra
341 3872 433 3941 Py¹a¹e
502 3888 584 3923 unave
602 3874 688 3924 altero
700 3870 791 3924 Moret.
801 3870 828 3924 ll.
901 3870 950 3923 689
968 3883 1077 3934 pugnae
1090 3865 1144 3928 PR;

64 3939 220 3994 ellidii.
311 3943 361 3993 693
379 3944 416 4004 al]
435 3956 468 3991 ae
484 3889 532 3991 le
