2286 4394
75 207 138 267 222
444 206 472 260 P.
486 205 614 261 venatu
630 205 779 260 menonis

75 391 153 443 stant
175 381 242 441 lecti
266 382 377 442 circum
401 381 537 453 invenem
560 380 624 460 ipse
645 397 735 461 aeger
755 381 906 445 anhelans

75 467 149 528 coila
173 467 251 527 toret
272 468 355 528 susus
376 483 537 544 propexam
560 465 590 526 in
613 474 737 545 pectore
759 465 902 543 barbam;

75 551 166 612 muita
188 569 280 630 super
303 551 398 611 Lauso
421 551 529 628 rogitat
550 550 735 629 multumque
757 553 901 626 remittit,

77 637 126 716 qui
149 647 290 697 revocent
311 636 473 714 maestique
494 637 593 697 ierant
613 636 750 697 mandata
772 639 917 717 parentis.

76 732 106 782 at
127 722 255 783 Lausum
278 721 350 783 socii
373 721 536 782 exanimem
559 739 651 801 super
671 738 751 782 arma
775 723 915 785 ferebant

76 807 196 880 denes,
219 807 370 886 ingentem
393 816 481 884 atque
503 806 618 884 ingenti
640 806 762 869 volnere
783 808 904 872 rictum.

76 893 215 970 adgnovit
236 892 324 971 louge
346 891 487 968 gemitum
509 909 651 970 praesaga
672 892 741 953 mab
764 911 861 956 mens.

77 978 215 1039 canitiem
238 978 332 1038 multo
354 976 499 1036 deformat
520 976 641 1056 pulvere
663 985 693 1038 et
713 976 815 1039 ambas

78 1063 113 1123 ad
136 1062 249 1125 caelum
271 1062 367 1123 tendit
388 1061 500 1140 palmas
521 1070 551 1121 et
572 1079 699 1140 corpore
721 1063 868 1125 inhaeret.

161 1143 308 1208 ‘Tantane
329 1165 377 1207 me
399 1146 497 1207 tenuit
517 1147 651 1218 vivendi,
673 1156 756 1218 nate,
778 1148 930 1229 voluptas,

78 1243 110 1293 ut
133 1251 187 1311 pro
209 1250 257 1291 me
278 1231 377 1292 bostiii
401 1240 518 1310 paterer
539 1232 698 1294 succedere
720 1232 858 1307 dextrae,

78 1335 166 1395 quem
189 1313 301 1392 genui?
323 1327 413 1376 tuane
437 1317 510 1378 baec
530 1317 650 1396 genitor
670 1335 727 1397 per
748 1318 868 1380 volnera
891 1337 994 1381 servor

79 1409 174 1461 morte
196 1411 244 1462 tna
268 1398 390 1462 vivens?
412 1402 488 1472 beu,
512 1421 594 1464 nuno
617 1402 725 1464 misero
748 1402 820 1465 mibi
843 1402 961 1466 demum

79 1486 199 1547 exitium
222 1485 340 1547 infelixi
365 1505 446 1547 nunc
468 1487 525 1548 alte
548 1488 654 1549 volnus
675 1487 827 1549 adactum!

78 1571 156 1632 idem
179 1590 244 1649 ego,
268 1579 351 1644 nate,
373 1580 458 1632 tuum
480 1572 623 1634 maculari
645 1572 769 1633 crimine
792 1591 903 1635 nomen

78 1657 182 1736 pulsus
204 1656 242 1716 ob
265 1657 402 1718 invidiam
425 1658 500 1718 solio
522 1657 707 1738 sceptrisque
728 1658 872 1737 paternis.

79 1741 237 1803 debueram
261 1742 373 1821 patriae
395 1760 509 1821 poenas
530 1743 665 1821 odiisque
687 1761 837 1804 meorum:

80 1827 177 1889 omnis
199 1845 255 1906 per
276 1827 380 1888 mortis
401 1828 528 1888 animam
551 1837 670 1890 sontem
691 1828 754 1906 ipse
776 1828 939 1890 dedissem!

80 1931 163 1975 nunc
185 1915 249 1972 vivo
273 1931 370 1991 neque
393 1914 489 1974 adbuc
511 1913 647 1974 homines
668 1912 825 1992 lucemque
847 1913 997 1994 relinquo.

79 1999 131 2061 sed
154 1991 304 2076 linquam'
351 1997 439 2060 simul
460 1999 517 2058 boc
539 1997 642 2059 dicens
663 1998 770 2059 attollit
790 1998 821 2059 in
845 2016 968 2077 aegrum

78 2103 111 2145 sc
133 2087 230 2145 femur
252 2093 296 2157 et,
320 2101 497 2162 quamquam
520 2082 564 2145 vis
584 2082 643 2144 alto
664 2083 786 2144 volnere
807 2085 889 2145 tarda
913 2092 972 2157 est,

79 2170 157 2231 baud
180 2169 312 2230 deiectus
334 2187 443 2247 equum
466 2168 533 2230 duci
556 2167 648 2229 iubet.
692 2168 750 2230 boe
771 2168 863 2229 decus
885 2169 943 2241 illi,

79 2255 138 2315 boc
160 2254 289 2314 solamen
314 2264 392 2324 erat,
413 2254 498 2314 bellis
519 2254 577 2314 hoc
598 2253 693 2313 victor
714 2253 814 2314 abibat

80 2339 228 2401 omnibus.
272 2339 442 2417 adloquitur
463 2347 644 2400 maerentem
667 2346 698 2400 et
717 2338 826 2399 talibus
848 2339 930 2399 intit:

76 2419 226 2494 ‘Rbaebe‚
250 2422 316 2492 diu,
340 2443 389 2485 res
410 2425 434 2486 si
457 2442 515 2502 qua
538 2424 588 2487 diu
609 2423 784 2485 mortalibus
806 2424 864 2484 ulla
887 2432 949 2495 est,

79 2508 213 2568 viximus.
257 2518 308 2566 aut
329 2508 416 2568 bodie
437 2510 533 2570 victor
553 2509 646 2588 spolia
667 2509 715 2570 illa
738 2517 861 2570 cruenta

80 2603 110 2654 et
131 2603 220 2671 caput
242 2593 358 2653 Aeneae
381 2593 493 2655 reseres
516 2595 663 2673 Lausique
686 2593 821 2654 dolorum

80 2679 160 2739 ultor
181 2678 240 2738 eris
261 2695 377 2738 mecum
401 2687 465 2752 aut,
488 2680 585 2759 aperit
606 2680 629 2741 si
654 2679 732 2741 nulla
754 2679 828 2739 viam
851 2678 909 2745 vis.

81 2763 240 2825 occumbes
263 2765 387 2843 pariter;
411 2784 509 2843 neque
532 2765 628 2835 enim,
651 2763 825 2834 fortissime,
848 2764 955 2835 eredo,

80 2851 158 2912 iussa
181 2850 274 2911 aliena
298 2852 357 2930 pati
381 2861 410 2912 et
432 2851 569 2911 dominos
590 2848 752 2929 dignabere
774 2847 925 2910 Teucros!

82 2937 154 2997 dixit
176 2945 205 2996 et
227 2945 368 3015 exceptus
389 2944 474 3017 tergo
497 2943 640 2997 consueta
662 2935 768 2996 locavit

81 3022 211 3082 membra
234 3040 400 3101 manusque
422 3021 523 3083 ambas
544 3021 647 3082 iaculis
669 3019 803 3081 oneravit
824 3018 917 3079 acutis

81 3124 148 3167 aere
171 3115 261 3184 caput
283 3108 400 3183 fulgens
421 3108 569 3186 cristaque
592 3106 722 3167 hirsutus
744 3104 862 3182 equina.

168 3190 216 3249 Sic
239 3208 358 3252 cursum
383 3193 411 3251 in
435 3193 549 3253 medios
571 3192 692 3272 rapidus
713 3189 802 3251 dedit
846 3195 960 3249 aestuat
981 3188 1078 3266 ingeni

81 3294 143 3336 nno
166 3274 195 3334 in
220 3277 309 3336 comte
331 3275 428 3354 pudor
450 3279 603 3356 mixtoque
624 3274 737 3338 insania
760 3275 852 3335 luctu.

83 3371 109 3422 et
130 3361 222 3439 scriis
243 3366 369 3440 epitatus
390 3381 473 3423 amor
495 3375 521 3426 et
543 3366 654 3424 conscio
674 3365 776 3423 virtus.

81 3454 170 3526 atquo
192 3447 240 3507 bio
263 3451 382 3508 Aenean
406 3465 513 3526 magna
535 3458 581 3509 ter
603 3465 674 3508 voce
695 3444 817 3505 vocavit.

83 3568 286 3578 -—-—--—-

169 3618 219 3668 838
234 3622 344 3681 pectora
364 3614 446 3667 Madv.
465 3618 506 3668 44.
541 3630 654 3680 corpore
671 3611 708 3682 Py
793 3613 843 3664 850
862 3609 975 3660 acilium
991 3607 1078 3678 y¹e¹c²

84 3686 132 3736 857
152 3687 273 3749 quamvis
291 3683 324 3735 P²
341 3685 400 3737 inde
418 3686 539 3749 ortamota
557 3683 634 3734 dolor·
651 3697 675 3733 a.
688 3698 712 3733 υ.
725 3681 815 3731 toedet
828 3676 929 3730 Peeriit.
941 3677 1018 3728 Ribb.

83 3751 562 3818 astscnapeetscnrot.1888.to.
598 3750 690 3800 tardat
710 3747 740 3798 Ρ1
777 3745 912 3799 ardatbi¹
956 3745 1015 3796 inde
1034 3745 1078 3796 ato

82 3823 155 3868 naria
172 3820 251 3869 ardet
269 3820 358 3874 Hoffm.
377 3818 442 3871 ZdG.
458 3821 531 3881 1853,
544 3821 601 3871 518.
637 3817 727 3867 tardet
743 3824 792 3871 cet.
811 3815 869 3867 iibri
933 3814 984 3866 862
1003 3828 1078 3863 mer

81 3885 126 3945 (cs.
144 3886 215 3936 Serv.
234 3887 279 3952 pi.)
299 3888 371 3939 Ribb.
441 3888 491 3938 stt
509 3890 552 3947 (n
564 3885 606 3936 ΧΙΙ
625 3887 685 3946 668)
702 3885 750 3936 soii
769 3885 866 3936 babent
882 3882 972 3951 y¹a¹cg
