2474 4388
467 238 628 292 hdrtmoos
646 239 704 292 LlB.
715 239 756 294 lll.

79 410 136 471 vidi
159 419 189 471 et
211 409 337 472 crudelis
359 410 477 472 dantem
501 412 656 472 Salmonea
679 431 806 491 poenas,

79 495 150 556 dum
172 496 303 558 flammas
325 495 401 557 lovis
423 505 453 556 et
474 497 589 558 sonitus
611 497 740 558 imitatur
762 497 888 579 Olympi.

80 588 222 660 quattuor
243 581 445 643 hicinvectus
468 583 551 660 cquis
573 590 603 643 et
623 581 756 663 lampada
779 601 922 661 quassans

80 684 137 745 per
159 665 279 727 Graium
300 666 428 746 populos
449 667 622 745 mediaeque
644 685 699 746 per
720 667 810 728 Elidis
833 667 938 729 urbem

80 751 142 812 ibat
164 770 254 812 ovans
275 751 431 829 divomque
453 751 509 825 sibi
532 752 671 831 poscebat
691 752 854 828 honorem,

80 837 218 897 demensi
242 836 293 914 qui
315 836 432 897 nimbos
454 845 484 897 et
506 855 566 897 non
590 837 730 898 imitabile
752 838 864 899 fulmen

80 940 150 981 aere
173 931 202 981 et
224 921 420 1000 cornipedum
441 921 530 1001 pulsu
552 921 704 983 simularet
725 941 879 1002 equorum.

80 1014 112 1066 at
132 1016 216 1085 pater
238 1007 427 1086 omnipotens
448 1007 539 1068 densa
561 1007 640 1068 inter
662 1007 763 1068 nubila
784 1007 876 1069 telum

80 1091 244 1165 contorsit,
268 1110 329 1152 non
353 1091 401 1152 ille
423 1093 502 1152 faces
524 1109 581 1152 nec
601 1093 698 1152 lumea
721 1093 812 1154 taedis

80 1177 210 1248 lumina,
232 1177 482 1256 praecipitemque
504 1177 624 1237 immani
646 1177 766 1238 turbine
789 1178 893 1257 adegit.

80 1279 141 1322 nec
164 1279 225 1322 non
249 1271 279 1322 et
300 1262 423 1340 Tityon,
447 1262 556 1322 Terrae
579 1263 792 1342 omniparentis
813 1264 964 1324 alumnum

80 1365 207 1407 cernere
231 1355 308 1422 erat,
331 1364 385 1425 per
406 1355 468 1407 tota
490 1365 596 1407 novem
619 1348 667 1408 eui
688 1348 789 1426 iugera
811 1367 919 1428 corpus

79 1431 258 1511 porrigitur,
281 1441 439 1510 rostroque
461 1432 598 1492 immanis
620 1433 717 1492 voltur
739 1433 858 1495 obunco

81 1516 250 1577 immortale
271 1516 354 1577 iecur
374 1517 504 1578 tondens
525 1518 710 1596 fecundaque
733 1519 838 1596 poenis

79 1601 194 1662 viscera
216 1601 398 1680 rimaturque
422 1601 516 1682 epulis
537 1602 708 1681 habitatque
730 1603 786 1664 sub
809 1604 867 1665 alto

80 1695 222 1766 pectore,
245 1705 301 1747 nec
323 1686 405 1748 libris
426 1688 544 1765 requies
566 1688 652 1748 datur
673 1687 731 1748 ulla
753 1690 872 1750 renatis.

82 1771 155 1849 quid
177 1789 338 1832 memorem
360 1772 515 1850 Lapithas,
538 1772 640 1833 lxiona
663 1770 910 1852 Pirithoumque?

83 1874 160 1934 quos
181 1874 272 1937 super
294 1865 355 1916 atra
377 1856 449 1918 silex
471 1857 527 1918 iam
550 1859 607 1918 iam
629 1859 746 1937 lapsura
768 1859 943 1937 cadentique

83 1941 219 2002 imminet
240 1941 395 2017 adsimilis;
417 1942 520 2003 lucent
540 1942 704 2022 genialibus
726 1944 792 2005 altis

82 2044 172 2087 aurea
196 2027 288 2087 fulcra
309 2027 382 2088 toris
405 2027 566 2109 epulaeque
589 2038 656 2089 ante
679 2047 729 2088 ora
751 2036 870 2107 paratae

83 2111 206 2190 regifico
227 2111 313 2187 luxu;
336 2112 478 2172 furiarum
500 2113 623 2173 maxima
646 2115 725 2174 iuxta

83 2194 210 2256 accubat
231 2205 262 2257 et
282 2196 418 2258 manibus
439 2198 577 2276 probibet
598 2199 772 2276 contingere
794 2217 910 2260 mensas

84 2281 274 2360 exsurgitque
297 2283 389 2342 lacem
413 2283 549 2344 attollens
570 2293 659 2363 atquc
681 2285 797 2344 intonat
819 2304 879 2344 oro.

129 2366 194 2440 bic,
217 2366 324 2444 quibus
346 2367 430 2428 invisi
452 2369 571 2442 fratres,
594 2369 664 2428 dum
686 2370 742 2429 v'ta
763 2369 915 2443 manebat,

128 2451 296 2530 pulsatusve
317 2471 425 2530 parens
447 2463 477 2514 et
498 2454 578 2514 fraus
600 2454 691 2514 innex
730 2455 844 2530 clienti,

128 2544 180 2596 aot
201 2536 251 2615 qui
273 2536 379 2598 divitiis
400 2537 455 2598 soli
477 2538 640 2600 incubuere
662 2557 694 2599 re
734 2540 788 2601 rtis

130 2639 186 2681 nec
207 2630 320 2701 partem
342 2641 469 2700 posuere
491 2624 565 2698 suis,
589 2642 664 2702 quae
685 2625 809 2685 maxima
831 2624 917 2686 turba
939 2633 998 2699 est,

128 2706 239 2783 quique
262 2706 299 2766 ob
322 2708 498 2768 adulterium
521 2709 596 2770 caesi
620 2709 729 2788 quique
751 2728 832 2770 arma
853 2711 946 2771 secuti

129 2790 218 2870 impia
241 2810 297 2852 nec
318 2793 403 2853 veriti
425 2793 612 2854 dominorum
636 2794 737 2855 lallere
759 2796 876 2856 deruas
897 2830 939 2842 -

129 2875 235 2937 inclusi
257 2894 384 2955 poenam
406 2887 587 2956 exspectant.
632 2899 670 2940 ne
692 2897 800 2957 quaere
822 2879 937 2954 doceri,

130 2978 217 3038 quam
239 2979 367 3041 poenam
388 2974 440 3024 aut
461 2982 536 3042 quae
557 2966 651 3024 forma
673 2964 751 3026 viros
773 2966 927 3026 fortunave
948 2965 1059 3026 mersit
1113 2973 1157 3024 616

84 3062 188 3106 saxum
211 3046 318 3123 ingens
339 3046 460 3109 volvunt
480 3049 544 3123 alii,
567 3049 714 3128 radiisque
737 3060 867 3110 rotarum

86 3130 210 3192 districti
232 3130 380 3210 pendent;
401 3132 483 3195 sedet
504 3144 717 3232 aeternumque
738 3133 852 3196 sedebit

86 3214 189 3276 inielix
211 3216 358 3292 Theseus,
381 3218 583 3299 Phlegyasque
604 3219 787 3282 miserrimus
809 3219 905 3281 omnis

85 3299 225 3361 admonet
247 3310 278 3362 et
294 3319 402 3400 magna
424 3312 549 3365 testatur
569 3323 642 3364 voce
663 3322 718 3384 per
739 3306 874 3368 umbras:

83 3378 211 3446 “discite
234 3385 373 3448 iustitiam
393 3388 499 3450 moniti
521 3400 551 3450 et
572 3408 634 3450 non
657 3400 790 3451 temnere
813 3380 921 3451 divosff'
1115 3397 1158 3448 ab]

174 3571 223 3622 586
240 3569 344 3636 dittogr
358 3585 415 3624 esse
432 3577 485 3639 pul.
495 3572 570 3626 Ribb.
624 3575 759 3634 flammam
771 3573 932 3644 Py¹a¹Ribb
1003 3575 1049 3625 591
1066 3569 1157 3635 pulsu]

87 3649 170 3687 curru
187 3635 278 3689 F²bl²R
279 3639 364 3709 y²bcn
449 3642 498 3694 601
517 3641 600 3693 damn.
618 3639 693 3693 Ribb.
771 3644 820 3695 662
838 3659 890 3708 quo
908 3641 930 3693 R
948 3639 1022 3691 Ribb.
1041 3639 1158 3689 lacunam

86 3708 147 3756 note
165 3658 297 3759 statuam?
341 3709 436 3774 cuique
453 3659 878 3777 mqueSchap.ZGW.18'll,92.
938 3708 1032 3775 occlto
1052 3707 1157 3772 dittogr

87 3774 258 3894 maffia-pic
277 3726 529 3910 Gblbfbuileerlebgdb
543 3777 778 3914 11111065351601
796 3748 1158 3904 116198ῖ1111ἵ2ἰοὲ1118.ᾱ111ἓ

114 3910 215 3976 tato,
235 3912 274 3965 11.
343 3913 392 3966 615
410 3919 507 3965 marcet
523 3913 573 3966 duo
592 3913 648 3967 cod.
653 3861 752 3966 plicius.
868 3863 884 3913 p
