<?xml version="1.0" encoding="UTF-8"?>
<!DOCTYPE html PUBLIC "-//W3C//DTD XHTML 1.0 Transitional//EN"
    "http://www.w3.org/TR/xhtml1/DTD/xhtml1-transitional.dtd">
<html xmlns="http://www.w3.org/1999/xhtml" xml:lang="en" lang="en">
 <head>
  <title>
</title>
<meta http-equiv="Content-Type" content="text/html;charset=utf-8" />
  <meta name='ocr-system' content='tesseract 3.04.00' />
  <meta name='ocr-capabilities' content='ocr_page ocr_carea ocr_par ocr_line ocrx_word'/>
</head>
<body>
  <div class='ocr_page' id='page_1' title='image "./pvergilimaronis08virggoog_0034.png"; bbox 0 0 2286 4394; ppageno 0'>
   <div class='ocr_carea' id='block_1_1' title="bbox 442 236 714 292">
    <p class='ocr_par' dir='ltr' id='par_1_1' title="bbox 442 236 714 292">
     <span class='ocr_line' id='line_1_1' title="bbox 442 236 714 292; baseline 0.004 -3"><span class='ocrx_word' id='word_1_1' title='bbox 442 236 602 291; x_wconf 73' lang='lat' dir='ltr'>eruamus</span> <span class='ocrx_word' id='word_1_2' title='bbox 619 238 678 292; x_wconf 83' lang='lat' dir='ltr'>LlB.</span> <span class='ocrx_word' id='word_1_3' title='bbox 696 239 714 291; x_wconf 88' lang='lat'>1.</span> 
     </span>
    </p>
   </div>
   <div class='ocr_carea' id='block_1_2' title="bbox 19 409 962 3553">
    <p class='ocr_par' dir='ltr' id='par_1_2' title="bbox 38 409 934 573">
     <span class='ocr_line' id='line_1_2' title="bbox 38 409 772 490; baseline -0.003 -16"><span class='ocrx_word' id='word_1_4' title='bbox 38 409 191 483; x_wconf 76' lang='lat' dir='ltr'>bellatrix,</span> <span class='ocrx_word' id='word_1_5' title='bbox 215 409 365 488; x_wconf 79' lang='lat' dir='ltr'>audetque</span> <span class='ocrx_word' id='word_1_6' title='bbox 387 409 456 471; x_wconf 88' lang='lat' dir='ltr'>viris</span> <span class='ocrx_word' id='word_1_7' title='bbox 477 428 658 472; x_wconf 91' lang='lat' dir='ltr'>concurrere</span> <span class='ocrx_word' id='word_1_8' title='bbox 680 411 772 490; x_wconf 87' lang='lat' dir='ltr'>virgo.</span> 
     </span>
     <span class='ocr_line' id='line_1_3' title="bbox 119 493 934 573; baseline 0.006 -17"><span class='ocrx_word' id='word_1_9' title='bbox 119 495 204 556; x_wconf 81' lang='lat' dir='ltr'>llaec</span> <span class='ocrx_word' id='word_1_10' title='bbox 225 495 297 556; x_wconf 92' lang='lat' dir='ltr'>dum</span> <span class='ocrx_word' id='word_1_11' title='bbox 320 493 468 556; x_wconf 86' lang='lat' dir='ltr'>Dardanio</span> <span class='ocrx_word' id='word_1_12' title='bbox 490 496 606 557; x_wconf 76' lang='lat' dir='ltr'>Aeneae</span> <span class='ocrx_word' id='word_1_13' title='bbox 629 495 760 557; x_wconf 89' lang='lat' dir='ltr'>miranda</span> <span class='ocrx_word' id='word_1_14' title='bbox 782 497 934 573; x_wconf 89' lang='lat' dir='ltr'>videntur,</span> 
     </span>
    </p>

    <p class='ocr_par' dir='ltr' id='par_1_3' title="bbox 43 579 829 830">
     <span class='ocr_line' id='line_1_4' title="bbox 43 579 827 660; baseline 0.001 -18"><span class='ocrx_word' id='word_1_15' title='bbox 43 581 106 642; x_wconf 91' lang='lat' dir='ltr'>dum</span> <span class='ocrx_word' id='word_1_16' title='bbox 127 588 230 660; x_wconf 91' lang='lat' dir='ltr'>stupet</span> <span class='ocrx_word' id='word_1_17' title='bbox 253 579 425 657; x_wconf 73' lang='lat' dir='ltr'>obtutuque</span> <span class='ocrx_word' id='word_1_18' title='bbox 440 580 542 641; x_wconf 90' lang='lat' dir='ltr'>haeret</span> <span class='ocrx_word' id='word_1_19' title='bbox 563 580 676 643; x_wconf 80' lang='lat' dir='ltr'>delirus</span> <span class='ocrx_word' id='word_1_20' title='bbox 696 582 728 643; x_wconf 91' lang='lat' dir='ltr'>in</span> <span class='ocrx_word' id='word_1_21' title='bbox 751 601 827 657; x_wconf 92' lang='lat' dir='ltr'>uno,</span> 
     </span>
     <span class='ocr_line' id='line_1_5' title="bbox 44 664 829 746; baseline 0.004 -20"><span class='ocrx_word' id='word_1_22' title='bbox 44 667 139 746; x_wconf 91' lang='lat' dir='ltr'>regina</span> <span class='ocrx_word' id='word_1_23' title='bbox 162 665 199 726; x_wconf 91' lang='lat' dir='ltr'>ad</span> <span class='ocrx_word' id='word_1_24' title='bbox 221 664 382 744; x_wconf 89' lang='lat' dir='ltr'>templum,</span> <span class='ocrx_word' id='word_1_25' title='bbox 404 665 499 726; x_wconf 86' lang='lat' dir='ltr'>lorma</span> <span class='ocrx_word' id='word_1_26' title='bbox 519 666 715 745; x_wconf 90' lang='lat' dir='ltr'>pulcherrima</span> <span class='ocrx_word' id='word_1_27' title='bbox 739 668 829 742; x_wconf 84' lang='lat' dir='ltr'>Dido,</span> 
     </span>
     <span class='ocr_line' id='line_1_6' title="bbox 46 749 745 830; baseline -0.001 -17"><span class='ocrx_word' id='word_1_28' title='bbox 46 751 159 813; x_wconf 87' lang='lat' dir='ltr'>incessit</span> <span class='ocrx_word' id='word_1_29' title='bbox 179 769 290 830; x_wconf 89' lang='lat' dir='ltr'>magna</span> <span class='ocrx_word' id='word_1_30' title='bbox 312 749 452 811; x_wconf 87' lang='lat' dir='ltr'>iuvenum</span> <span class='ocrx_word' id='word_1_31' title='bbox 473 751 600 830; x_wconf 79' lang='lat' dir='ltr'>stipante</span> <span class='ocrx_word' id='word_1_32' title='bbox 622 762 745 812; x_wconf 89' lang='lat' dir='ltr'>caterva.</span> 
     </span>
    </p>

    <p class='ocr_par' dir='ltr' id='par_1_4' title="bbox 37 835 962 1333">
     <span class='ocr_line' id='line_1_7' title="bbox 46 835 799 917; baseline 0.001 -20"><span class='ocrx_word' id='word_1_33' title='bbox 46 836 132 916; x_wconf 85' lang='lat' dir='ltr'>qualis</span> <span class='ocrx_word' id='word_1_34' title='bbox 154 835 185 897; x_wconf 92' lang='lat' dir='ltr'>in</span> <span class='ocrx_word' id='word_1_35' title='bbox 209 835 340 896; x_wconf 80' lang='lat' dir='ltr'>Eurotae</span> <span class='ocrx_word' id='word_1_36' title='bbox 362 835 433 916; x_wconf 82' lang='lat' dir='ltr'>ripis</span> <span class='ocrx_word' id='word_1_37' title='bbox 454 844 506 896; x_wconf 92' lang='lat' dir='ltr'>aut</span> <span class='ocrx_word' id='word_1_38' title='bbox 526 854 581 916; x_wconf 91' lang='lat' dir='ltr'>per</span> <span class='ocrx_word' id='word_1_39' title='bbox 602 836 670 915; x_wconf 84' lang='lat' dir='ltr'>iuga</span> <span class='ocrx_word' id='word_1_40' title='bbox 692 837 799 917; x_wconf 77' lang='lat' dir='ltr'>Cynthi</span> 
     </span>
     <span class='ocr_line' id='line_1_8' title="bbox 47 920 771 1000; baseline 0 -17"><span class='ocrx_word' id='word_1_41' title='bbox 47 929 158 983; x_wconf 78' lang='lat' dir='ltr'>exercet</span> <span class='ocrx_word' id='word_1_42' title='bbox 178 920 281 982; x_wconf 79' lang='lat' dir='ltr'>lliana</span> <span class='ocrx_word' id='word_1_43' title='bbox 295 921 421 994; x_wconf 90' lang='lat' dir='ltr'>choros,</span> <span class='ocrx_word' id='word_1_44' title='bbox 444 939 532 1000; x_wconf 91' lang='lat' dir='ltr'>quam</span> <span class='ocrx_word' id='word_1_45' title='bbox 553 920 632 982; x_wconf 89' lang='lat' dir='ltr'>mille</span> <span class='ocrx_word' id='word_1_46' title='bbox 654 931 771 983; x_wconf 86' lang='lat' dir='ltr'>secutae</span> 
     </span>
     <span class='ocr_line' id='line_1_9' title="bbox 46 1005 962 1086; baseline 0.002 -19"><span class='ocrx_word' id='word_1_47' title='bbox 46 1005 219 1085; x_wconf 81' lang='lat' dir='ltr'>liceatque</span> <span class='ocrx_word' id='word_1_48' title='bbox 241 1005 313 1067; x_wconf 92' lang='lat' dir='ltr'>hinc</span> <span class='ocrx_word' id='word_1_49' title='bbox 334 1006 535 1085; x_wconf 92' lang='lat' dir='ltr'>glomerantur</span> <span class='ocrx_word' id='word_1_50' title='bbox 558 1007 701 1083; x_wconf 80' lang='lat' dir='ltr'>Oreadcs3</span> <span class='ocrx_word' id='word_1_51' title='bbox 724 1007 772 1068; x_wconf 93' lang='lat' dir='ltr'>illa</span> <span class='ocrx_word' id='word_1_52' title='bbox 794 1007 962 1086; x_wconf 89' lang='lat' dir='ltr'>pharetram</span> 
     </span>
     <span class='ocr_line' id='line_1_10' title="bbox 47 1090 872 1171; baseline 0.002 -20"><span class='ocrx_word' id='word_1_53' title='bbox 47 1090 95 1152; x_wconf 89' lang='lat' dir='ltr'>lert</span> <span class='ocrx_word' id='word_1_54' title='bbox 115 1108 222 1153; x_wconf 94' lang='lat' dir='ltr'>umero</span> <span class='ocrx_word' id='word_1_55' title='bbox 244 1090 441 1171; x_wconf 77' lang='lat' dir='ltr'>gradiensque</span> <span class='ocrx_word' id='word_1_56' title='bbox 463 1092 532 1153; x_wconf 90' lang='lat' dir='ltr'>deas</span> <span class='ocrx_word' id='word_1_57' title='bbox 553 1092 754 1170; x_wconf 84' lang='lat' dir='ltr'>supereminet</span> <span class='ocrx_word' id='word_1_58' title='bbox 776 1093 872 1154; x_wconf 90' lang='lat' dir='ltr'>omnis</span> 
     </span>
     <span class='ocr_line' id='line_1_11' title="bbox 47 1173 825 1258; baseline 0 -20"><span class='ocrx_word' id='word_1_59' title='bbox 47 1176 179 1253; x_wconf 78' lang='lat' dir='ltr'>(Latonae</span> <span class='ocrx_word' id='word_1_60' title='bbox 202 1176 325 1238; x_wconf 88' lang='lat' dir='ltr'>tacitum</span> <span class='ocrx_word' id='word_1_61' title='bbox 347 1184 547 1256; x_wconf 88' lang='lat' dir='ltr'>pertemptant</span> <span class='ocrx_word' id='word_1_62' title='bbox 568 1175 673 1256; x_wconf 88' lang='lat' dir='ltr'>gaudia</span> <span class='ocrx_word' id='word_1_63' title='bbox 696 1173 825 1258; x_wconf 77' lang='lat' dir='ltr'>pectus)=</span> 
     </span>
     <span class='ocr_line' id='line_1_12' title="bbox 37 1261 693 1333; baseline -0.003 -10"><span class='ocrx_word' id='word_1_64' title='bbox 37 1261 103 1324; x_wconf 80' lang='lat' dir='ltr'>¹talis</span> <span class='ocrx_word' id='word_1_65' title='bbox 124 1268 190 1322; x_wconf 90' lang='lat' dir='ltr'>erat</span> <span class='ocrx_word' id='word_1_66' title='bbox 211 1261 298 1333; x_wconf 86' lang='lat' dir='ltr'>Dido,</span> <span class='ocrx_word' id='word_1_67' title='bbox 320 1261 408 1323; x_wconf 90' lang='lat' dir='ltr'>talem</span> <span class='ocrx_word' id='word_1_68' title='bbox 429 1279 461 1323; x_wconf 95' lang='lat' dir='ltr'>se</span> <span class='ocrx_word' id='word_1_69' title='bbox 483 1261 558 1324; x_wconf 91' lang='lat' dir='ltr'>laeta</span> <span class='ocrx_word' id='word_1_70' title='bbox 580 1261 693 1322; x_wconf 85' lang='lat' dir='ltr'>serebat</span> 
     </span>
    </p>

    <p class='ocr_par' dir='ltr' id='par_1_5' title="bbox 48 1346 787 1427">
     <span class='ocr_line' id='line_1_13' title="bbox 48 1346 787 1427; baseline 0 -19"><span class='ocrx_word' id='word_1_71' title='bbox 48 1364 93 1425; x_wconf 86' lang='lat' dir='ltr'>per</span> <span class='ocrx_word' id='word_1_72' title='bbox 113 1346 228 1408; x_wconf 93' lang='lat' dir='ltr'>medios</span> <span class='ocrx_word' id='word_1_73' title='bbox 250 1347 365 1408; x_wconf 90' lang='lat' dir='ltr'>instans</span> <span class='ocrx_word' id='word_1_74' title='bbox 387 1346 470 1427; x_wconf 92' lang='lat' dir='ltr'>operi</span> <span class='ocrx_word' id='word_1_75' title='bbox 492 1346 651 1426; x_wconf 81' lang='lat' dir='ltr'>regnisque</span> <span class='ocrx_word' id='word_1_76' title='bbox 672 1347 787 1408; x_wconf 83' lang='lat' dir='ltr'>suturis.</span> 
     </span>
    </p>

    <p class='ocr_par' dir='ltr' id='par_1_6' title="bbox 47 1431 780 1598">
     <span class='ocr_line' id='line_1_14' title="bbox 47 1431 780 1510; baseline 0 -18"><span class='ocrx_word' id='word_1_77' title='bbox 47 1440 99 1492; x_wconf 91' lang='lat' dir='ltr'>tum</span> <span class='ocrx_word' id='word_1_78' title='bbox 121 1431 238 1493; x_wconf 85' lang='lat' dir='ltr'>foribus</span> <span class='ocrx_word' id='word_1_79' title='bbox 259 1431 356 1506; x_wconf 90' lang='lat' dir='ltr'>divae,</span> <span class='ocrx_word' id='word_1_80' title='bbox 378 1431 472 1492; x_wconf 93' lang='lat' dir='ltr'>media</span> <span class='ocrx_word' id='word_1_81' title='bbox 494 1431 641 1493; x_wconf 89' lang='lat' dir='ltr'>testudine</span> <span class='ocrx_word' id='word_1_82' title='bbox 663 1432 780 1510; x_wconf 90' lang='lat' dir='ltr'>templi,</span> 
     </span>
     <span class='ocr_line' id='line_1_15' title="bbox 47 1515 770 1598; baseline -0.004 -19"><span class='ocrx_word' id='word_1_83' title='bbox 47 1526 137 1598; x_wconf 83' lang='lat' dir='ltr'>saepta</span> <span class='ocrx_word' id='word_1_84' title='bbox 160 1516 250 1578; x_wconf 92' lang='lat' dir='ltr'>armis</span> <span class='ocrx_word' id='word_1_85' title='bbox 272 1517 406 1596; x_wconf 89' lang='lat' dir='ltr'>solioque</span> <span class='ocrx_word' id='word_1_86' title='bbox 427 1516 484 1577; x_wconf 91' lang='lat' dir='ltr'>alte</span> <span class='ocrx_word' id='word_1_87' title='bbox 506 1515 631 1579; x_wconf 89' lang='lat' dir='ltr'>subnixa</span> <span class='ocrx_word' id='word_1_88' title='bbox 653 1516 770 1578; x_wconf 88' lang='lat' dir='ltr'>resedit.</span> 
     </span>
    </p>

    <p class='ocr_par' dir='ltr' id='par_1_7' title="bbox 46 1600 820 1768">
     <span class='ocr_line' id='line_1_16' title="bbox 46 1600 820 1681; baseline -0.001 -18"><span class='ocrx_word' id='word_1_89' title='bbox 46 1600 100 1663; x_wconf 89' lang='lat' dir='ltr'>iura</span> <span class='ocrx_word' id='word_1_90' title='bbox 121 1600 212 1664; x_wconf 91' lang='lat' dir='ltr'>dabat</span> <span class='ocrx_word' id='word_1_91' title='bbox 232 1602 372 1680; x_wconf 83' lang='lat' dir='ltr'>legesque</span> <span class='ocrx_word' id='word_1_92' title='bbox 393 1601 463 1663; x_wconf 91' lang='lat' dir='ltr'>viris</span> <span class='ocrx_word' id='word_1_93' title='bbox 485 1619 669 1681; x_wconf 92' lang='lat' dir='ltr'>operumque</span> <span class='ocrx_word' id='word_1_94' title='bbox 691 1601 820 1663; x_wconf 92' lang='lat' dir='ltr'>lahorem</span> 
     </span>
     <span class='ocr_line' id='line_1_17' title="bbox 46 1685 785 1768; baseline -0.001 -20"><span class='ocrx_word' id='word_1_95' title='bbox 46 1687 170 1768; x_wconf 85' lang='lat' dir='ltr'>partibus</span> <span class='ocrx_word' id='word_1_96' title='bbox 192 1685 338 1766; x_wconf 88' lang='lat' dir='ltr'>aequabat</span> <span class='ocrx_word' id='word_1_97' title='bbox 359 1687 443 1749; x_wconf 90' lang='lat' dir='ltr'>iustis</span> <span class='ocrx_word' id='word_1_98' title='bbox 464 1695 514 1747; x_wconf 94' lang='lat' dir='ltr'>aut</span> <span class='ocrx_word' id='word_1_99' title='bbox 535 1695 615 1748; x_wconf 87' lang='lat' dir='ltr'>sorte</span> <span class='ocrx_word' id='word_1_100' title='bbox 636 1687 785 1756; x_wconf 86' lang='lat' dir='ltr'>trahebat,</span> 
     </span>
    </p>

    <p class='ocr_par' dir='ltr' id='par_1_8' title="bbox 19 1771 889 2703">
     <span class='ocr_line' id='line_1_18' title="bbox 47 1771 824 1852; baseline 0 -18"><span class='ocrx_word' id='word_1_101' title='bbox 47 1790 105 1834; x_wconf 86' lang='lat' dir='ltr'>cum</span> <span class='ocrx_word' id='word_1_102' title='bbox 126 1771 228 1834; x_wconf 92' lang='lat' dir='ltr'>subito</span> <span class='ocrx_word' id='word_1_103' title='bbox 250 1773 364 1834; x_wconf 77' lang='lat' dir='ltr'>Aeneas</span> <span class='ocrx_word' id='word_1_104' title='bbox 385 1790 534 1834; x_wconf 84' lang='lat' dir='ltr'>concursu</span> <span class='ocrx_word' id='word_1_105' title='bbox 556 1771 696 1833; x_wconf 92' lang='lat' dir='ltr'>accedere</span> <span class='ocrx_word' id='word_1_106' title='bbox 718 1791 824 1852; x_wconf 86' lang='lat' dir='ltr'>magno</span> 
     </span>
     <span class='ocr_line' id='line_1_19' title="bbox 46 1856 889 1937; baseline 0 -18"><span class='ocrx_word' id='word_1_107' title='bbox 46 1856 151 1919; x_wconf 88' lang='lat' dir='ltr'>lnthea</span> <span class='ocrx_word' id='word_1_108' title='bbox 173 1858 405 1937; x_wconf 86' lang='lat' dir='ltr'>Sergestumque</span> <span class='ocrx_word' id='word_1_109' title='bbox 425 1857 504 1918; x_wconf 89' lang='lat' dir='ltr'>ridet</span> <span class='ocrx_word' id='word_1_110' title='bbox 524 1858 691 1936; x_wconf 86' lang='lat' dir='ltr'>fortemque</span> <span class='ocrx_word' id='word_1_111' title='bbox 714 1858 889 1919; x_wconf 91' lang='lat' dir='ltr'>Cloanthum</span> 
     </span>
     <span class='ocr_line' id='line_1_20' title="bbox 46 1941 827 2021; baseline -0.001 -17"><span class='ocrx_word' id='word_1_112' title='bbox 46 1941 282 2021; x_wconf 91' lang='lat' dir='ltr'>&#39;leucrorumque</span> <span class='ocrx_word' id='word_1_113' title='bbox 304 1943 385 2016; x_wconf 91' lang='lat' dir='ltr'>alios,</span> <span class='ocrx_word' id='word_1_114' title='bbox 408 1950 471 2003; x_wconf 92' lang='lat' dir='ltr'>ater</span> <span class='ocrx_word' id='word_1_115' title='bbox 492 1960 567 2021; x_wconf 89' lang='lat' dir='ltr'>qnos</span> <span class='ocrx_word' id='word_1_116' title='bbox 589 1960 716 2020; x_wconf 90' lang='lat' dir='ltr'>aequore</span> <span class='ocrx_word' id='word_1_117' title='bbox 739 1943 827 2003; x_wconf 92' lang='lat' dir='ltr'>turho</span> 
     </span>
     <span class='ocr_line' id='line_1_21' title="bbox 45 2026 743 2108; baseline -0.001 -19"><span class='ocrx_word' id='word_1_118' title='bbox 45 2026 197 2108; x_wconf 88' lang='lat' dir='ltr'>dispulerat</span> <span class='ocrx_word' id='word_1_119' title='bbox 218 2028 398 2107; x_wconf 89' lang='lat' dir='ltr'>penitusque</span> <span class='ocrx_word' id='word_1_120' title='bbox 419 2027 489 2089; x_wconf 90' lang='lat' dir='ltr'>alias</span> <span class='ocrx_word' id='word_1_121' title='bbox 511 2036 645 2088; x_wconf 86' lang='lat' dir='ltr'>avexerat</span> <span class='ocrx_word' id='word_1_122' title='bbox 668 2045 743 2088; x_wconf 90' lang='lat' dir='ltr'>oras.</span> 
     </span>
     <span class='ocr_line' id='line_1_22' title="bbox 45 2112 827 2193; baseline -0.003 -17"><span class='ocrx_word' id='word_1_123' title='bbox 45 2112 180 2193; x_wconf 77' lang='lat' dir='ltr'>obstipuit</span> <span class='ocrx_word' id='word_1_124' title='bbox 201 2113 289 2175; x_wconf 91' lang='lat' dir='ltr'>simul</span> <span class='ocrx_word' id='word_1_125' title='bbox 310 2113 388 2192; x_wconf 91' lang='lat' dir='ltr'>ipse,</span> <span class='ocrx_word' id='word_1_126' title='bbox 411 2112 499 2174; x_wconf 93' lang='lat' dir='ltr'>simul</span> <span class='ocrx_word' id='word_1_127' title='bbox 519 2130 679 2191; x_wconf 90' lang='lat' dir='ltr'>percussus</span> <span class='ocrx_word' id='word_1_128' title='bbox 701 2113 827 2174; x_wconf 76' lang='lat' dir='ltr'>Achates</span> 
     </span>
     <span class='ocr_line' id='line_1_23' title="bbox 44 2196 823 2278; baseline 0 -20"><span class='ocrx_word' id='word_1_129' title='bbox 44 2196 204 2278; x_wconf 89' lang='lat' dir='ltr'>laetitiaque</span> <span class='ocrx_word' id='word_1_130' title='bbox 226 2205 382 2276; x_wconf 90' lang='lat' dir='ltr'>metuquc;</span> <span class='ocrx_word' id='word_1_131' title='bbox 404 2196 480 2258; x_wconf 90' lang='lat' dir='ltr'>aridi</span> <span class='ocrx_word' id='word_1_132' title='bbox 502 2197 685 2276; x_wconf 89' lang='lat' dir='ltr'>coniungere</span> <span class='ocrx_word' id='word_1_133' title='bbox 707 2197 823 2258; x_wconf 88' lang='lat' dir='ltr'>dextras</span> 
     </span>
     <span class='ocr_line' id='line_1_24' title="bbox 43 2282 778 2360; baseline -0.001 -17"><span class='ocrx_word' id='word_1_134' title='bbox 43 2282 194 2356; x_wconf 82' lang='lat' dir='ltr'>ardebant3</span> <span class='ocrx_word' id='word_1_135' title='bbox 217 2283 268 2344; x_wconf 92' lang='lat' dir='ltr'>sed</span> <span class='ocrx_word' id='word_1_136' title='bbox 291 2301 339 2344; x_wconf 92' lang='lat' dir='ltr'>res</span> <span class='ocrx_word' id='word_1_137' title='bbox 360 2282 476 2344; x_wconf 90' lang='lat' dir='ltr'>animos</span> <span class='ocrx_word' id='word_1_138' title='bbox 496 2283 647 2360; x_wconf 84' lang='lat' dir='ltr'>incognita</span> <span class='ocrx_word' id='word_1_139' title='bbox 670 2283 778 2343; x_wconf 89' lang='lat' dir='ltr'>turbat.</span> 
     </span>
     <span class='ocr_line' id='line_1_25' title="bbox 19 2367 808 2447; baseline -0.001 -17"><span class='ocrx_word' id='word_1_140' title='bbox 19 2367 219 2443; x_wconf 62' lang='lat' dir='ltr'>,disimulant</span> <span class='ocrx_word' id='word_1_141' title='bbox 241 2375 270 2428; x_wconf 93' lang='lat' dir='ltr'>et</span> <span class='ocrx_word' id='word_1_142' title='bbox 292 2367 371 2428; x_wconf 90' lang='lat' dir='ltr'>nube</span> <span class='ocrx_word' id='word_1_143' title='bbox 394 2385 461 2428; x_wconf 87' lang='lat' dir='ltr'>cava</span> <span class='ocrx_word' id='word_1_144' title='bbox 483 2367 673 2447; x_wconf 89' lang='lat' dir='ltr'>speculantur</span> <span class='ocrx_word' id='word_1_145' title='bbox 694 2368 808 2440; x_wconf 81' lang='lat' dir='ltr'>amicti,</span> 
     </span>
     <span class='ocr_line' id='line_1_26' title="bbox 41 2452 869 2533; baseline 0 -19"><span class='ocrx_word' id='word_1_146' title='bbox 41 2470 108 2533; x_wconf 87' lang='lat' dir='ltr'>quae</span> <span class='ocrx_word' id='word_1_147' title='bbox 131 2454 253 2514; x_wconf 80' lang='lat' dir='ltr'>fortuna</span> <span class='ocrx_word' id='word_1_148' title='bbox 273 2452 357 2526; x_wconf 85' lang='lat' dir='ltr'>viris,</span> <span class='ocrx_word' id='word_1_149' title='bbox 380 2452 502 2515; x_wconf 89' lang='lat' dir='ltr'>classem</span> <span class='ocrx_word' id='word_1_150' title='bbox 526 2471 585 2533; x_wconf 94' lang='lat' dir='ltr'>quo</span> <span class='ocrx_word' id='word_1_151' title='bbox 608 2452 693 2513; x_wconf 92' lang='lat' dir='ltr'>litore</span> <span class='ocrx_word' id='word_1_152' title='bbox 716 2454 869 2531; x_wconf 85' lang='lat' dir='ltr'>linquant,</span> 
     </span>
     <span class='ocr_line' id='line_1_27' title="bbox 40 2537 835 2616; baseline 0.001 -17"><span class='ocrx_word' id='word_1_153' title='bbox 40 2538 104 2616; x_wconf 83' lang='lat' dir='ltr'>qnid</span> <span class='ocrx_word' id='word_1_154' title='bbox 126 2538 265 2612; x_wconf 81' lang='lat' dir='ltr'>veniant3</span> <span class='ocrx_word' id='word_1_155' title='bbox 287 2538 402 2599; x_wconf 91' lang='lat' dir='ltr'>cunctis</span> <span class='ocrx_word' id='word_1_156' title='bbox 424 2556 492 2598; x_wconf 93' lang='lat' dir='ltr'>nam</span> <span class='ocrx_word' id='word_1_157' title='bbox 514 2538 582 2598; x_wconf 89' lang='lat' dir='ltr'>lecti</span> <span class='ocrx_word' id='word_1_158' title='bbox 605 2537 728 2600; x_wconf 90' lang='lat' dir='ltr'>navibus</span> <span class='ocrx_word' id='word_1_159' title='bbox 750 2537 835 2600; x_wconf 90' lang='lat' dir='ltr'>ibant</span> 
     </span>
     <span class='ocr_line' id='line_1_28' title="bbox 40 2623 828 2703; baseline 0.004 -21"><span class='ocrx_word' id='word_1_160' title='bbox 40 2633 154 2684; x_wconf 88' lang='lat' dir='ltr'>orantes</span> <span class='ocrx_word' id='word_1_161' title='bbox 175 2623 291 2683; x_wconf 88' lang='lat' dir='ltr'>veniam</span> <span class='ocrx_word' id='word_1_162' title='bbox 314 2629 344 2683; x_wconf 88' lang='lat' dir='ltr'>et</span> <span class='ocrx_word' id='word_1_163' title='bbox 364 2623 507 2703; x_wconf 91' lang='lat' dir='ltr'>templum</span> <span class='ocrx_word' id='word_1_164' title='bbox 529 2624 657 2685; x_wconf 90' lang='lat' dir='ltr'>clamore</span> <span class='ocrx_word' id='word_1_165' title='bbox 679 2624 828 2702; x_wconf 89' lang='lat' dir='ltr'>petebant.</span> 
     </span>
    </p>

    <p class='ocr_par' dir='ltr' id='par_1_9' title="bbox 117 2707 962 2788">
     <span class='ocr_line' id='line_1_29' title="bbox 117 2707 962 2788; baseline 0 -20"><span class='ocrx_word' id='word_1_166' title='bbox 117 2708 278 2786; x_wconf 90' lang='lat' dir='ltr'>Postquam</span> <span class='ocrx_word' id='word_1_167' title='bbox 301 2707 473 2787; x_wconf 87' lang='lat' dir='ltr'>introgressi</span> <span class='ocrx_word' id='word_1_168' title='bbox 495 2716 525 2769; x_wconf 83' lang='lat' dir='ltr'>et</span> <span class='ocrx_word' id='word_1_169' title='bbox 546 2726 645 2770; x_wconf 90' lang='lat' dir='ltr'>coram</span> <span class='ocrx_word' id='word_1_170' title='bbox 668 2710 734 2770; x_wconf 92' lang='lat' dir='ltr'>data</span> <span class='ocrx_word' id='word_1_171' title='bbox 756 2711 841 2788; x_wconf 94' lang='lat' dir='ltr'>copia</span> <span class='ocrx_word' id='word_1_172' title='bbox 863 2709 962 2781; x_wconf 83' lang='lat' dir='ltr'>fandi,</span> 
     </span>
    </p>

    <p class='ocr_par' dir='ltr' id='par_1_10' title="bbox 40 2792 807 2874">
     <span class='ocr_line' id='line_1_30' title="bbox 40 2792 807 2874; baseline 0.001 -22"><span class='ocrx_word' id='word_1_173' title='bbox 40 2793 177 2854; x_wconf 87' lang='lat' dir='ltr'>maximus</span> <span class='ocrx_word' id='word_1_174' title='bbox 199 2792 329 2854; x_wconf 92' lang='lat' dir='ltr'>Ilioneus</span> <span class='ocrx_word' id='word_1_175' title='bbox 350 2793 464 2873; x_wconf 91' lang='lat' dir='ltr'>placido</span> <span class='ocrx_word' id='word_1_176' title='bbox 487 2793 530 2854; x_wconf 94' lang='lat' dir='ltr'>sic</span> <span class='ocrx_word' id='word_1_177' title='bbox 551 2805 672 2872; x_wconf 86' lang='lat' dir='ltr'>pectore</span> <span class='ocrx_word' id='word_1_178' title='bbox 694 2795 807 2874; x_wconf 90' lang='lat' dir='ltr'>coepit:</span> 
     </span>
    </p>

    <p class='ocr_par' dir='ltr' id='par_1_11' title="bbox 37 2869 838 3044">
     <span class='ocr_line' id='line_1_31' title="bbox 37 2869 838 2958; baseline 0.002 -20"><span class='ocrx_word' id='word_1_179' title='bbox 37 2869 65 2938; x_wconf 85' lang='lat' dir='ltr'>‘o</span> <span class='ocrx_word' id='word_1_180' title='bbox 85 2878 206 2957; x_wconf 88' lang='lat' dir='ltr'>regina,</span> <span class='ocrx_word' id='word_1_181' title='bbox 229 2895 333 2938; x_wconf 90' lang='lat' dir='ltr'>novam</span> <span class='ocrx_word' id='word_1_182' title='bbox 356 2878 406 2939; x_wconf 93' lang='lat' dir='ltr'>cui</span> <span class='ocrx_word' id='word_1_183' title='bbox 427 2878 557 2940; x_wconf 90' lang='lat' dir='ltr'>condere</span> <span class='ocrx_word' id='word_1_184' title='bbox 579 2879 712 2958; x_wconf 89' lang='lat' dir='ltr'>luppiter</span> <span class='ocrx_word' id='word_1_185' title='bbox 734 2879 838 2941; x_wconf 91' lang='lat' dir='ltr'>urbem</span> 
     </span>
     <span class='ocr_line' id='line_1_32' title="bbox 38 2960 741 3044; baseline 0.003 -20"><span class='ocrx_word' id='word_1_186' title='bbox 38 2960 204 3041; x_wconf 88' lang='lat' dir='ltr'>iustitiaque</span> <span class='ocrx_word' id='word_1_187' title='bbox 226 2962 306 3023; x_wconf 89' lang='lat' dir='ltr'>dedit</span> <span class='ocrx_word' id='word_1_188' title='bbox 327 2963 423 3042; x_wconf 91' lang='lat' dir='ltr'>gentis</span> <span class='ocrx_word' id='word_1_189' title='bbox 445 2964 563 3024; x_wconf 79' lang='lat' dir='ltr'>frenare</span> <span class='ocrx_word' id='word_1_190' title='bbox 585 2964 741 3044; x_wconf 90' lang='lat' dir='ltr'>superbas,</span> 
     </span>
    </p>

    <p class='ocr_par' dir='ltr' id='par_1_12' title="bbox 39 3045 779 3214">
     <span class='ocr_line' id='line_1_33' title="bbox 39 3045 779 3123; baseline 0.004 -15"><span class='ocrx_word' id='word_1_191' title='bbox 39 3045 127 3110; x_wconf 71' lang='lat' dir='ltr'>lices</span> <span class='ocrx_word' id='word_1_192' title='bbox 148 3056 178 3108; x_wconf 90' lang='lat' dir='ltr'>te</span> <span class='ocrx_word' id='word_1_193' title='bbox 201 3047 316 3120; x_wconf 91' lang='lat' dir='ltr'>miseri,</span> <span class='ocrx_word' id='word_1_194' title='bbox 338 3049 434 3110; x_wconf 91' lang='lat' dir='ltr'>ventis</span> <span class='ocrx_word' id='word_1_195' title='bbox 455 3050 546 3110; x_wconf 92' lang='lat' dir='ltr'>maria</span> <span class='ocrx_word' id='word_1_196' title='bbox 569 3050 667 3110; x_wconf 91' lang='lat' dir='ltr'>omnia</span> <span class='ocrx_word' id='word_1_197' title='bbox 689 3050 779 3123; x_wconf 90' lang='lat' dir='ltr'>vecti,</span> 
     </span>
     <span class='ocr_line' id='line_1_34' title="bbox 39 3132 772 3214; baseline 0.01 -23"><span class='ocrx_word' id='word_1_198' title='bbox 39 3150 168 3194; x_wconf 89' lang='lat' dir='ltr'>oramus:</span> <span class='ocrx_word' id='word_1_199' title='bbox 191 3132 317 3212; x_wconf 90' lang='lat' dir='ltr'>prohibe</span> <span class='ocrx_word' id='word_1_200' title='bbox 339 3133 476 3195; x_wconf 81' lang='lat' dir='ltr'>infandos</span> <span class='ocrx_word' id='word_1_201' title='bbox 497 3152 513 3195; x_wconf 90' lang='lat' dir='ltr'>a</span> <span class='ocrx_word' id='word_1_202' title='bbox 536 3135 658 3196; x_wconf 88' lang='lat' dir='ltr'>navibus</span> <span class='ocrx_word' id='word_1_203' title='bbox 680 3135 772 3214; x_wconf 91' lang='lat' dir='ltr'>ignis,</span> 
     </span>
    </p>

    <p class='ocr_par' dir='ltr' id='par_1_13' title="bbox 37 3217 854 3553">
     <span class='ocr_line' id='line_1_35' title="bbox 37 3217 854 3299; baseline 0.002 -21"><span class='ocrx_word' id='word_1_204' title='bbox 37 3234 120 3296; x_wconf 90' lang='lat' dir='ltr'>parce</span> <span class='ocrx_word' id='word_1_205' title='bbox 144 3217 194 3298; x_wconf 92' lang='lat' dir='ltr'>pio</span> <span class='ocrx_word' id='word_1_206' title='bbox 217 3218 319 3296; x_wconf 90' lang='lat' dir='ltr'>generi</span> <span class='ocrx_word' id='word_1_207' title='bbox 342 3227 371 3280; x_wconf 90' lang='lat' dir='ltr'>et</span> <span class='ocrx_word' id='word_1_208' title='bbox 393 3219 516 3299; x_wconf 90' lang='lat' dir='ltr'>propius</span> <span class='ocrx_word' id='word_1_209' title='bbox 538 3238 585 3280; x_wconf 86' lang='lat' dir='ltr'>res</span> <span class='ocrx_word' id='word_1_210' title='bbox 607 3221 705 3299; x_wconf 92' lang='lat' dir='ltr'>aspice</span> <span class='ocrx_word' id='word_1_211' title='bbox 729 3230 854 3283; x_wconf 89' lang='lat' dir='ltr'>nostras.</span> 
     </span>
     <span class='ocr_line' id='line_1_36' title="bbox 38 3303 799 3386; baseline 0.005 -23"><span class='ocrx_word' id='word_1_212' title='bbox 38 3320 93 3363; x_wconf 92' lang='lat' dir='ltr'>non</span> <span class='ocrx_word' id='word_1_213' title='bbox 118 3322 176 3364; x_wconf 89' lang='lat' dir='ltr'>nos</span> <span class='ocrx_word' id='word_1_214' title='bbox 197 3310 248 3363; x_wconf 90' lang='lat' dir='ltr'>aut</span> <span class='ocrx_word' id='word_1_215' title='bbox 269 3303 349 3365; x_wconf 81' lang='lat' dir='ltr'>ferro</span> <span class='ocrx_word' id='word_1_216' title='bbox 371 3303 496 3385; x_wconf 77' lang='lat' dir='ltr'>Libycos</span> <span class='ocrx_word' id='word_1_217' title='bbox 519 3306 662 3384; x_wconf 91' lang='lat' dir='ltr'>populare</span> <span class='ocrx_word' id='word_1_218' title='bbox 684 3307 799 3386; x_wconf 92' lang='lat' dir='ltr'>penatis</span> 
     </span>
     <span class='ocr_line' id='line_1_37' title="bbox 37 3388 822 3470; baseline 0.011 -26"><span class='ocrx_word' id='word_1_219' title='bbox 37 3388 167 3449; x_wconf 79' lang='lat' dir='ltr'>venimus</span> <span class='ocrx_word' id='word_1_220' title='bbox 188 3395 239 3449; x_wconf 93' lang='lat' dir='ltr'>aut</span> <span class='ocrx_word' id='word_1_221' title='bbox 261 3399 359 3468; x_wconf 90' lang='lat' dir='ltr'>raptas</span> <span class='ocrx_word' id='word_1_222' title='bbox 380 3390 415 3450; x_wconf 92' lang='lat' dir='ltr'>ad</span> <span class='ocrx_word' id='word_1_223' title='bbox 438 3389 523 3450; x_wconf 92' lang='lat' dir='ltr'>litora</span> <span class='ocrx_word' id='word_1_224' title='bbox 546 3401 659 3451; x_wconf 90' lang='lat' dir='ltr'>vertere</span> <span class='ocrx_word' id='word_1_225' title='bbox 682 3393 822 3470; x_wconf 91' lang='lat' dir='ltr'>praedas;</span> 
     </span>
     <span class='ocr_line' id='line_1_38' title="bbox 38 3473 841 3553; baseline 0.014 -21"><span class='ocrx_word' id='word_1_226' title='bbox 38 3490 94 3534; x_wconf 89' lang='lat' dir='ltr'>non</span> <span class='ocrx_word' id='word_1_227' title='bbox 117 3491 152 3534; x_wconf 90' lang='lat' dir='ltr'>ea</span> <span class='ocrx_word' id='word_1_228' title='bbox 172 3473 216 3534; x_wconf 90' lang='lat' dir='ltr'>ris</span> <span class='ocrx_word' id='word_1_229' title='bbox 238 3473 336 3534; x_wconf 91' lang='lat' dir='ltr'>animo</span> <span class='ocrx_word' id='word_1_230' title='bbox 359 3493 415 3535; x_wconf 91' lang='lat' dir='ltr'>nec</span> <span class='ocrx_word' id='word_1_231' title='bbox 436 3483 516 3535; x_wconf 91' lang='lat' dir='ltr'>tanta</span> <span class='ocrx_word' id='word_1_232' title='bbox 539 3475 676 3553; x_wconf 90' lang='lat' dir='ltr'>superbia</span> <span class='ocrx_word' id='word_1_233' title='bbox 700 3477 791 3538; x_wconf 90' lang='lat' dir='ltr'>victis.</span> <span class='ocrx_word' id='word_1_234' title='bbox 837 3537 841 3543; x_wconf 87' lang='lat'><strong><em>.</em></strong></span> 
     </span>
    </p>
   </div>
   <div class='ocr_carea' id='block_1_3' title="bbox 33 3637 1104 3982">
    <p class='ocr_par' dir='ltr' id='par_1_14' title="bbox 33 3637 1104 3982">
     <span class='ocr_line' id='line_1_39' title="bbox 115 3637 1104 3709; baseline -0.002 -16"><span class='ocrx_word' id='word_1_235' title='bbox 115 3637 331 3706; x_wconf 68' lang='grc'><strong>49815058311111.</strong></span> <span class='ocrx_word' id='word_1_236' title='bbox 350 3640 452 3708; x_wconf 87' lang='lat' dir='ltr'>Gruppe</span> <span class='ocrx_word' id='word_1_237' title='bbox 471 3643 533 3707; x_wconf 85' lang='lat'>211,</span> <span class='ocrx_word' id='word_1_238' title='bbox 555 3646 615 3709; x_wconf 85' lang='lat' dir='ltr'>post</span> <span class='ocrx_word' id='word_1_239' title='bbox 632 3642 665 3693; x_wconf 90' lang='lat' dir='ltr'>lV</span> <span class='ocrx_word' id='word_1_240' title='bbox 685 3645 731 3695; x_wconf 86' lang='grc'>131</span> <span class='ocrx_word' id='word_1_241' title='bbox 755 3650 883 3708; x_wconf 90' lang='lat' dir='ltr'>transpon.</span> <span class='ocrx_word' id='word_1_242' title='bbox 902 3640 1009 3694; x_wconf 89' lang='lat' dir='ltr'>Heidtm.</span> <span class='ocrx_word' id='word_1_243' title='bbox 1031 3641 1104 3702; x_wconf 89' lang='grc'><strong>1885,</strong></span> 
     </span>
     <span class='ocr_line' id='line_1_40' title="bbox 35 3704 1103 3773; baseline -0.004 -12"><span class='ocrx_word' id='word_1_244' title='bbox 35 3704 72 3761; x_wconf 76' lang='lat' dir='ltr'>Vl.</span> <span class='ocrx_word' id='word_1_245' title='bbox 142 3709 193 3760; x_wconf 87' lang='grc'><strong>5115</strong></span> <span class='ocrx_word' id='word_1_246' title='bbox 212 3707 278 3773; x_wconf 81' lang='lat' dir='ltr'>tum]</span> <span class='ocrx_word' id='word_1_247' title='bbox 296 3711 326 3758; x_wconf 83' lang='lat' dir='ltr'>in</span> <span class='ocrx_word' id='word_1_248' title='bbox 344 3708 409 3760; x_wconf 90' lang='lat' dir='ltr'>Nou.</span> <span class='ocrx_word' id='word_1_249' title='bbox 427 3711 485 3773; x_wconf 80' lang='lat'>244,</span> <span class='ocrx_word' id='word_1_250' title='bbox 498 3712 521 3763; x_wconf 89' lang='lat'>8.</span> <span class='ocrx_word' id='word_1_251' title='bbox 544 3713 592 3760; x_wconf 76' lang='lat' dir='ltr'>rub</span> <span class='ocrx_word' id='word_1_252' title='bbox 611 3710 691 3762; x_wconf 89' lang='lat' dir='ltr'>Gebh.</span> <span class='ocrx_word' id='word_1_253' title='bbox 726 3713 813 3762; x_wconf 81' lang='lat' dir='ltr'>media</span> <span class='ocrx_word' id='word_1_254' title='bbox 832 3727 845 3760; x_wconf 88' lang='lat' dir='ltr'>e</span> <span class='ocrx_word' id='word_1_255' title='bbox 862 3709 949 3759; x_wconf 83' lang='lat' dir='ltr'>media</span> <span class='ocrx_word' id='word_1_256' title='bbox 967 3708 998 3758; x_wconf 90' lang='lat' dir='ltr'>P¹</span> <span class='ocrx_word' id='word_1_257' title='bbox 1016 3708 1103 3758; x_wconf 86' lang='lat' dir='ltr'>media</span> 
     </span>
     <span class='ocr_line' id='line_1_41' title="bbox 34 3773 1104 3847; baseline -0.001 -20"><span class='ocrx_word' id='word_1_258' title='bbox 34 3775 195 3828; x_wconf 62' lang='lat' dir='ltr'>ebetudina</span> <span class='ocrx_word' id='word_1_259' title='bbox 212 3773 287 3827; x_wconf 86' lang='lat' dir='ltr'>Ribb.</span> <span class='ocrx_word' id='word_1_260' title='bbox 382 3779 432 3830; x_wconf 81' lang='lat'>512</span> <span class='ocrx_word' id='word_1_261' title='bbox 459 3778 607 3829; x_wconf 70' lang='lat' dir='ltr'>advexerat</span> <span class='ocrx_word' id='word_1_262' title='bbox 629 3778 673 3829; x_wconf 69' lang='grc' dir='ltr'>Μ2</span> <span class='ocrx_word' id='word_1_263' title='bbox 695 3783 829 3830; x_wconf 81' lang='lat' dir='ltr'>averterat</span> <span class='ocrx_word' id='word_1_264' title='bbox 852 3776 888 3847; x_wconf 68' lang='grc' dir='ltr'>Ἐγ</span> <span class='ocrx_word' id='word_1_265' title='bbox 974 3779 1023 3829; x_wconf 86' lang='grc'>513</span> <span class='ocrx_word' id='word_1_266' title='bbox 1042 3791 1104 3841; x_wconf 83' lang='lat' dir='ltr'>per·</span> 
     </span>
     <span class='ocr_line' id='line_1_42' title="bbox 34 3841 1103 3914; baseline 0 -17"><span class='ocrx_word' id='word_1_267' title='bbox 34 3843 118 3897; x_wconf 76' lang='lat' dir='ltr'>uum</span> <span class='ocrx_word' id='word_1_268' title='bbox 134 3841 294 3913; x_wconf 71' lang='lat' dir='ltr'>mr²y²u²cn</span> <span class='ocrx_word' id='word_1_269' title='bbox 304 3843 375 3896; x_wconf 86' lang='lat' dir='ltr'>Serv.</span> <span class='ocrx_word' id='word_1_270' title='bbox 385 3844 419 3912; x_wconf 94' lang='lat' dir='ltr'>pl.</span> <span class='ocrx_word' id='word_1_271' title='bbox 496 3848 546 3900; x_wconf 88' lang='grc'>518</span> <span class='ocrx_word' id='word_1_272' title='bbox 565 3851 654 3897; x_wconf 81' lang='lat' dir='ltr'>cuncti</span> <span class='ocrx_word' id='word_1_273' title='bbox 671 3845 892 3914; x_wconf 75' lang='lat' dir='ltr'>F¹MP²Ry²b¹c²rr</span> <span class='ocrx_word' id='word_1_274' title='bbox 906 3843 975 3898; x_wconf 83' lang='lat' dir='ltr'>Serv.</span> <span class='ocrx_word' id='word_1_275' title='bbox 986 3847 1034 3913; x_wconf 86' lang='lat' dir='ltr'>(pr.</span> <span class='ocrx_word' id='word_1_276' title='bbox 1047 3845 1103 3898; x_wconf 92' lang='lat' dir='ltr'>cod.</span> 
     </span>
     <span class='ocr_line' id='line_1_43' title="bbox 33 3908 755 3982; baseline 0.001 -19"><span class='ocrx_word' id='word_1_277' title='bbox 33 3908 137 3979; x_wconf 77' lang='lat' dir='ltr'>amu),</span> <span class='ocrx_word' id='word_1_278' title='bbox 155 3917 186 3964; x_wconf 89' lang='lat' dir='ltr'>nt</span> <span class='ocrx_word' id='word_1_279' title='bbox 204 3909 263 3964; x_wconf 86' lang='lat' dir='ltr'>dist.</span> <span class='ocrx_word' id='word_1_280' title='bbox 282 3916 342 3979; x_wconf 88' lang='lat' dir='ltr'>post</span> <span class='ocrx_word' id='word_1_281' title='bbox 360 3929 382 3965; x_wconf 86' lang='lat' dir='ltr'>o.</span> <span class='ocrx_word' id='word_1_282' title='bbox 435 3913 509 3964; x_wconf 79' lang='lat' dir='ltr'>lectis</span> <span class='ocrx_word' id='word_1_283' title='bbox 527 3913 619 3982; x_wconf 78' lang='lat' dir='ltr'>P²Ry¹,</span> <span class='ocrx_word' id='word_1_284' title='bbox 637 3915 670 3966; x_wconf 84' lang='lat' dir='ltr'>ci.</span> <span class='ocrx_word' id='word_1_285' title='bbox 684 3915 755 3967; x_wconf 89' lang='lat' dir='ltr'>Serv.</span> 
     </span>
    </p>
   </div>
   <div class='ocr_carea' id='block_1_4' title="bbox 0 0 1148 4394">
    <p class='ocr_par' dir='ltr' id='par_1_15' title="bbox 0 0 1148 4394">
     <span class='ocr_line' id='line_1_44' title="bbox 0 0 1148 4394; baseline 0 3"><span class='ocrx_word' id='word_1_286' title='bbox 0 0 1148 4394; x_wconf 95' lang='lat' dir='ltr'> </span> 
     </span>
    </p>
   </div>
  </div>
 </body>
</html>
