2474 4388
451 113 612 167 Autumnus
631 113 689 168 ΗΒ.
700 114 729 168 t.

48 281 137 344 haud
160 283 219 345 alio
241 285 389 347 Teucrum
412 286 473 348 nati
494 286 614 364 vestigia
637 304 726 349 cursu

50 366 230 448 impediunt
249 377 413 450 texuntque
436 372 519 451 fugas
540 379 570 432 et
590 371 702 450 proelia
723 371 809 446 ludo,

50 452 237 533 delphinum
259 455 385 530 similes,
408 457 459 535 qui
481 475 535 536 per
557 456 648 517 maria
672 457 768 519 umida
790 459 889 519 nando

54 537 252 618 Carpathium
276 540 478 621 Libycumque
501 550 604 603 secant
626 541 781 622 luduntque
800 561 853 623 per
874 545 976 606 aedos.

52 623 143 684 hunc
165 641 281 686 morem
302 643 407 688 cursus
429 634 517 706 atque
539 627 612 687 haec
633 627 792 688 certamina
814 629 928 708 primus

53 708 223 784 Ascanius,
245 710 380 790 Longam
402 711 495 773 muris
518 729 585 773 cum
608 710 741 792 cingeret
763 711 880 788 Albam,

52 792 178 855 rettulit
199 801 229 855 et
250 795 367 858 Priscos
389 796 489 859 docuit
511 796 660 858 celebrare
683 796 819 872 Latinos,

55 896 122 957 quo
145 896 222 958 puer
243 880 306 959 ipse
328 883 431 954 modo,
454 899 553 944 secum
577 901 637 961 quo
659 882 748 944 Treta
769 882 878 961 pubes3

58 961 170 1024 Albani
192 964 321 1026 docuere
341 983 427 1042 suos;
448 966 519 1029 hinc
540 967 664 1028 maxima
686 985 777 1046 porro

59 1048 180 1129 accepit
200 1048 294 1113 Roma
315 1058 346 1113 et
365 1051 495 1132 patrium
516 1052 640 1113 servavit
660 1052 822 1126 honorem,

58 1132 212 1212 Troiaque
234 1153 329 1211 nunc,
352 1137 437 1216 pueri
459 1137 620 1198 Troianum
643 1136 750 1198 dicitur
771 1155 887 1216 agmen.

60 1217 119 1279 hac
141 1217 290 1282 celebrata
312 1229 399 1284 tenus
420 1230 524 1284 sancto
546 1221 705 1283 certamina
728 1222 815 1302 patri.

149 1303 206 1365 llic
227 1305 356 1385 primum
379 1307 512 1369 Fortuna
533 1307 623 1369 iidem
644 1314 754 1369 mutata
776 1308 901 1369 novavit.
958 1341 960 1345 ·

63 1388 134 1449 dum
156 1389 244 1452 variis
265 1391 379 1453 tumulo
400 1393 536 1454 relerunt
556 1391 709 1454 sollemnia
730 1392 820 1467 ludis,

64 1472 135 1534 lrim
157 1474 195 1536 de
217 1477 298 1537 caelo
319 1476 398 1539 misit
420 1477 558 1540 Saturnia
580 1477 655 1538 ltrno

64 1557 184 1620 lliacam
206 1560 242 1621 ad
264 1561 386 1624 classem
408 1570 571 1642 ventosque
593 1561 723 1642 adspirat
744 1561 827 1623 cunti

64 1644 158 1705 multa
179 1664 302 1709 movens
323 1647 450 1709 necdum
473 1647 629 1726 antiquum
650 1654 779 1709 saturata
801 1646 942 1708 dolorem.

66 1728 114 1789 illa
135 1729 211 1791 viam
233 1730 367 1794 celerans
389 1751 443 1811 per
463 1732 543 1794 mille
566 1732 715 1794 coloribus
737 1748 839 1793 ereum

67 1813 141 1875 nulli
163 1815 224 1877 visa
246 1817 305 1878 cito
327 1817 460 1879 decurrit
480 1817 598 1878 tramite
619 1817 711 1897 virgo.

67 1899 216 1979 conspicit
236 1901 390 1982 ingentem
412 1920 592 1964 concursum
615 1911 645 1964 et
665 1902 752 1963 litora
773 1900 880 1962 lustrat

66 1983 260 2065 desertosque
281 1986 359 2049 ridet
381 1995 486 2067 portus
508 1987 689 2065 classemque
712 1985 852 2047 relictam.

66 2078 97 2130 at
118 2071 225 2150 procul
246 2071 277 2133 in
299 2071 362 2134 sola
383 2079 513 2134 secretae
535 2071 666 2133 Troades
688 2079 751 2133 acta

66 2154 210 2217 amissum
230 2157 380 2219 Anchisen
403 2155 514 2219 dehent
535 2166 720 2236 cunctaeque
742 2153 923 2236 profundum

66 2247 195 2320 pontum
217 2241 406 2322 aspectabant
427 2243 541 2304 llentes.
586 2243 643 2303 heu
666 2240 801 2303 tetrada
824 2238 909 2301 fessis

67 2333 97 2387 et
119 2333 236 2387 tantum
257 2345 413 2408 superesse
434 2327 523 2389 maris
543 2345 600 2388 vox
623 2326 761 2388 omnihus
782 2343 851 2387 una.
868 2323 869 2326 ’

10 2446 14 2467 ,
66 2409 176 2472 urbem
198 2420 298 2488 orant,
320 2413 419 2474 taedet
440 2411 536 2493 pelagi
557 2412 692 2491 perlerre
713 2409 855 2472 laborem.

69 2512 143 2574 ergo
165 2495 374 2559 intermedias
396 2516 461 2560 sese
483 2496 562 2558 haud
583 2496 686 2576 ignara
708 2494 837 2557 nocendi

69 2579 180 2642 conicit
202 2589 231 2643 et
252 2582 416 2661 faciemque
438 2583 508 2644 deae
530 2590 700 2661 vestemque
722 2580 857 2661 reponit3

69 2666 103 2727 ht
123 2665 235 2739 Beroe,
257 2667 367 2728 Tmarii
388 2667 520 2728 coniunx
541 2666 683 2746 longaeva
705 2665 838 2746 Dorycli,

10 2763 13 2773 ’
69 2750 119 2812 cui
141 2767 237 2830 genus
258 2761 290 2813 et
310 2752 459 2831 quondam
482 2769 591 2813 nomen
615 2753 735 2831 natique
757 2751 895 2823 luissent;

69 2852 106 2896 ac
126 2835 171 2897 sic
193 2836 390 2898 Dardanidum
413 2837 538 2898 mediam
561 2854 592 2898 se
616 2835 760 2898 matribus
782 2835 886 2895 inlert:

66 2914 99 2981 ‘o
122 2920 265 2998 miserae,
287 2940 360 3001 quas
382 2940 445 2984 non
468 2913 585 2983 manus’
610 2921 709 3000 inquit
726 2915 866 2982 ‘Achaica
887 2917 965 2979 bello

10 3028 14 3079 l
69 3005 194 3066 traxerit
214 3006 250 3067 ad
271 3006 364 3069 letum
386 3007 497 3087 patriae
518 3005 574 3068 sub
596 3006 768 3068 moenibusl
792 3023 810 3065 o
832 3022 906 3084 gons

71 3089 190 3166 infelix,
212 3090 259 3152 cui
282 3099 312 3153 te
334 3092 422 3154 exitio
444 3092 576 3153 Fortuna
598 3087 749 3153 reservat?

71 3175 198 3257 septima
218 3185 287 3256 post
308 3177 414 3239 Troiae
437 3176 581 3238 excidium
604 3176 661 3237 iam
683 3175 807 3237 vertitur
829 3181 940 3246 aestas,

72 3277 139 3323 cum
161 3261 253 3337 freta,
275 3279 343 3323 oum
365 3270 459 3324 terras
481 3261 595 3335 omnis,
617 3269 662 3322 tot
683 3260 831 3340 inhospita
853 3275 921 3320 saxa

13 3384 16 3389 -
73 3345 228 3425 sideraque
250 3363 386 3411 emensae
408 3346 545 3419 lerimm,
567 3346 637 3407 dum
660 3363 714 3425 per
734 3363 816 3406 mare
838 3360 977 3422 magnum

73 3429 183 3492 ltaliam
204 3431 358 3510 sequimur
378 3431 540 3512 lugientem
562 3439 592 3493 et
612 3430 754 3492 volvimur
775 3428 873 3491 undis.

10 3652 30 3797 Ι
161 3652 210 3704 aaa
229 3649 612 3770 ludangoelperundosom.
630 3645 706 3729 M‘Py
711 3646 790 3710 ¹b¹m‚
811 3645 895 3697 damn.
913 3643 1009 3712 lleyne.
1095 3643 1146 3696 603

10 3728 12 3737 “
78 3717 137 3772 teci.
154 3716 234 3779 Bith:
228 3716 318 3770 ‘ulei
386 3666 1147 3783 88u‚281.6041onoPR'beibb.otonan·

10 3834 30 4167 J
77 3782 124 3839 Rc¹
156 3757 234 3839 Heri
248 3784 304 3839 ll¹b
338 3785 450 3837 immori
465 3784 505 3838 lll²
538 3784 623 3837 Marii
640 3783 694 3847 lvx
711 3781 813 3850 (Wagn.
832 3779 882 3834 LV.
895 3781 938 3847 33)
972 3779 1113 3846 lamae-iix
