2474 4388
451 224 613 278 xunmuos.
628 225 687 278 LlB.
706 225 747 279 lV.

58 413 204 475 spemque
227 397 308 458 dedit
328 396 435 458 dubiae
458 399 549 458 menti
571 398 715 477 solvitque
737 400 890 479 pudorem.

57 480 210 561 principio
233 481 355 543 delubra
377 482 487 544 adeunt
509 501 670 563 pacemque
693 502 748 563 per
769 503 834 547 aras

59 565 238 645 exquirunt;
261 575 389 629 mactant
411 568 501 629 lectas
522 568 559 629 de
581 587 664 629 more
685 568 813 631 bidentis

59 650 199 730 legiferae
222 651 319 713 Cereri
343 653 523 732 Phoeboque
545 653 680 733 patrique
703 653 814 734 Lyaeo,

59 736 170 797 lunoni
192 746 260 798 ante
282 738 395 813 omnis,
419 739 467 799 oui
488 738 582 799 vincla
604 738 708 817 iugalia
732 757 828 800 curae.

60 821 123 900 ipsa
146 829 253 883 tenens
275 822 375 884 dextra
398 832 527 903 pateram
550 823 750 902 pulcherrima
773 825 846 885 llido

59 906 216 968 candentis
237 926 341 969 vaccae
364 909 458 969 media
480 909 560 969 inter
581 926 693 969 cornua
716 909 814 969 fundit

60 999 110 1051 aut
132 1000 202 1052 ante
225 1011 275 1053 ora
297 994 384 1054 deum
406 993 526 1074 pinguis
548 993 692 1072 spatiatur
714 995 748 1054 ad
772 1013 836 1055 aras

59 1077 263 1156 instauratque
286 1078 364 1140 diem
385 1078 471 1139 donis
493 1079 700 1157 pecudumque
722 1080 847 1141 reclusis

59 1161 232 1240 pectoribus
254 1163 372 1224 inhians
394 1163 535 1242 spirantia
558 1163 687 1224 consulit
709 1174 782 1225 exta.

58 1246 115 1307 heu
138 1257 236 1308 ratum
259 1247 378 1325 ignarae
401 1249 530 1309 mentesl
555 1247 625 1326 quid
647 1256 712 1309 rota
734 1250 899 1325 furentem,

58 1331 129 1409 quid
153 1330 275 1392 delubra
297 1331 420 1394 iuvant‘l
443 1342 488 1395 est
509 1333 604 1394 mollis
625 1334 740 1394 llamma
762 1337 903 1398 medullas

58 1416 172 1477 interea
195 1425 226 1478 et
246 1418 367 1479 tacitum
389 1418 457 1479 vivit
479 1418 534 1480 sub
556 1428 678 1497 pectore
699 1419 813 1482 volnus.

57 1501 156 1561 uritur
177 1502 278 1563 infelix
299 1503 374 1564 Dido
396 1512 517 1583 totaque
537 1513 659 1583 vagatur

58 1585 133 1647 urbe
156 1587 273 1662 furens,
296 1589 390 1668 qualis
413 1589 545 1650 coniecta
569 1607 654 1649 cerva
676 1589 795 1667 sagitta,

58 1690 146 1750 quam
170 1673 273 1752 procul
295 1673 444 1735 incautam
467 1693 589 1735 nemora
611 1675 689 1734 inter
712 1674 808 1735 Cresia
831 1676 893 1735 fixit

55 1767 160 1836 pastor
181 1775 272 1837 agens
293 1759 359 1820 telis
381 1759 525 1838 liquitque
546 1759 663 1820 uolatile
685 1760 795 1820 serrum

58 1842 193 1916 nescius;
217 1843 263 1903 illa
286 1845 352 1923 luga
376 1845 461 1906 silvas
482 1844 631 1923 saltusque
654 1853 791 1924 peragrat

56 1926 210 2001 Dictaeos;
232 1928 334 1989 haeret
353 1929 436 1990 lateri
459 1929 551 1991 letalis
572 1929 718 1990 harundo.

57 2030 140 2073 nunc
162 2013 256 2073 media
278 2014 399 2076 Aenean
421 2033 524 2092 secum*
545 2033 599 2094 per
620 2014 735 2074 moenia
757 2014 839 2074 ducit

56 2096 253 2176 Sidoniasque
275 2106 405 2161 ostentat
426 2118 498 2179 opes
519 2098 683 2178 urbemque
705 2107 835 2178 paratam

56 2183 163 2262 incipit
185 2183 266 2244 ellari
289 2185 443 2264 mediaque
466 2184 496 2246 in
518 2203 591 2246 voce
613 2182 737 2258 resistit,

57 2285 140 2328 nunc
164 2269 265 2329 eadem
288 2268 405 2331 labente
428 2270 473 2331 die
496 2269 626 2331 convivia
650 2269 766 2348 quaerit

56 2351 222 2431 Iliacosque
244 2354 350 2415 iterum
374 2355 496 2416 demens
517 2354 618 2416 andire
640 2353 757 2415 labores

56 2438 191 2518 exposcit
212 2440 381 2518 pendetque
402 2440 508 2500 iterum
532 2439 681 2501 narrantis
703 2439 738 2500 ab
763 2457 823 2499 ore.

57 2533 141 2602 post,
165 2522 214 2584 ubi
236 2525 374 2603 digressi,
398 2525 558 2603 lumenque
581 2524 706 2586 obscura
729 2524 853 2585 vicissim

56 2607 126 2669 luna
150 2609 258 2687 premit
280 2611 465 2689 suadentque
487 2610 619 2670 cadentia
641 2610 736 2671 sidera
758 2628 892 2683 somnos,

57 2694 118 2754 sola
142 2693 229 2755 domo
252 2702 363 2755 maeret
382 2713 472 2756 vacua
494 2695 650 2774 stratisque
673 2694 783 2755 relictis

56 2778 193 2839 incubat:
217 2777 298 2839 illum
321 2780 428 2842 absens
450 2778 602 2841 absentem
626 2779 765 2858 auditque
785 2779 932 2857 videtque.

99 2871 150 2925 aut
171 2865 284 2942 gremio
306 2865 463 2926 Ascanium
487 2865 630 2944 genitoris
652 2865 779 2942 imagine
800 2873 884 2943 capta

99 2948 226 3023 detinet,
249 2949 402 3011 infandum
425 2950 449 3012 si
471 2949 573 3010 fallere
595 2950 689 3029 possit
710 2967 850 3009 amorem.

56 3052 118 3093 non
143 3042 265 3112 coeptae
287 3035 452 3114 adsurgunt
472 3045 583 3109 turres,
606 3054 667 3095 non
691 3051 770 3094 arma
792 3034 929 3096 iuventus

55 3127 175 3179 exercet
195 3129 335 3198 portusve
356 3130 407 3182 aut
427 3120 650 3200 propugnacula
672 3117 750 3181 bello

55 3213 119 3265 tuta
141 3213 262 3282 parant;
284 3205 417 3284 pendent
439 3223 528 3284 opera
550 3206 716 3283 interrupta
738 3204 895 3282 minaeque

54 3305 209 3349 murorum
232 3289 369 3368 ingentes
390 3298 572 3369 aequataque
593 3289 728 3352 machina
751 3288 840 3350 caelo.

141 3371 235 3444 Quam
258 3375 399 3438 simulac
421 3375 471 3437 tali
493 3376 640 3454 persensit
660 3386 743 3454 peste
766 3374 860 3435 teneri

53 3475 122 3519 cara
144 3457 220 3520 loris
243 3460 373 3521 coniunx
396 3479 452 3522 nec
474 3461 580 3522 lamam
603 3460 720 3521 obstare
742 3459 852 3532 furori,

54 3542 163 3605 talibus
185 3543 355 3623 adgreditur
377 3545 520 3607 Venerem
544 3545 681 3606 Saturnia
704 3545 802 3606 dictis:

49 3623 214 3709 ‘egregiam
236 3648 307 3691 vero
330 3631 445 3692 laudem
468 3640 498 3692 et
519 3631 612 3711 spolia
635 3631 729 3708 ampla
752 3629 867 3690 refertis

140 3780 173 3832 58
191 3775 347 3844 frugiferae
365 3779 447 3852 F¹lly¹
501 3779 589 3842 saroa
605 3779 626 3832 P
747 3783 778 3831 75
797 3777 908 3830 distinct.
927 3783 986 3844 post
999 3783 1126 3844 paratam

52 3844 160 3899 sustulit
176 3845 217 3898 lll.
237 3849 311 3912 1872,
331 3851 354 3901 6.
444 3851 476 3902 83
494 3850 570 3900 illum
584 3886 591 3900 .
605 3889 611 3903 .
625 3849 746 3913 videtque
763 3849 788 3899 in
807 3845 923 3913 parentb.
941 3861 999 3912 pon.
1017 3845 1091 3900 Ribb.

51 3916 243 3983 altoponte
262 3916 323 3983 poni
342 3917 399 3969 vult
418 3916 527 3983 Peerlk,
547 3917 630 3970 damn.
649 3916 728 3969 Gebh.

943 4000 974 4052 5*
