<?xml version="1.0" encoding="UTF-8"?>
<!DOCTYPE html PUBLIC "-//W3C//DTD XHTML 1.0 Transitional//EN"
    "http://www.w3.org/TR/xhtml1/DTD/xhtml1-transitional.dtd">
<html xmlns="http://www.w3.org/1999/xhtml" xml:lang="en" lang="en">
 <head>
  <title>
</title>
<meta http-equiv="Content-Type" content="text/html;charset=utf-8" />
  <meta name='ocr-system' content='tesseract 3.04.00' />
  <meta name='ocr-capabilities' content='ocr_page ocr_carea ocr_par ocr_line ocrx_word'/>
</head>
<body>
  <div class='ocr_page' id='page_1' title='image "./pvergilimaronis08virggoog_0081.png"; bbox 0 0 2286 4394; ppageno 0'>
   <div class='ocr_carea' id='block_1_1' title="bbox 71 222 776 282">
    <p class='ocr_par' dir='ltr' id='par_1_1' title="bbox 71 222 776 282">
     <span class='ocr_line' id='line_1_1' title="bbox 71 222 776 282; baseline 0 -1"><span class='ocrx_word' id='word_1_1' title='bbox 71 222 111 282; x_wconf 81' lang='lat'><strong>62</strong></span> <span class='ocrx_word' id='word_1_2' title='bbox 443 224 472 278; x_wconf 89' lang='lat' dir='ltr'><strong>P.</strong></span> <span class='ocrx_word' id='word_1_3' title='bbox 485 224 612 279; x_wconf 81' lang='lat' dir='ltr'><strong>vnuultt</strong></span> <span class='ocrx_word' id='word_1_4' title='bbox 629 224 776 281; x_wconf 71' lang='lat' dir='ltr'><strong>deuotus</strong></span> 
     </span>
    </p>
   </div>
   <div class='ocr_carea' id='block_1_2' title="bbox 63 398 1138 3618">
    <p class='ocr_par' dir='ltr' id='par_1_2' title="bbox 63 398 1138 3618">
     <span class='ocr_line' id='line_1_2' title="bbox 68 398 884 478; baseline 0.011 -24"><span class='ocrx_word' id='word_1_5' title='bbox 68 414 176 476; x_wconf 90' lang='lat' dir='ltr'><strong>prensa</strong></span> <span class='ocrx_word' id='word_1_6' title='bbox 199 413 289 456; x_wconf 92' lang='lat' dir='ltr'><strong>manu</strong></span> <span class='ocrx_word' id='word_1_7' title='bbox 311 413 417 474; x_wconf 79' lang='lat' dir='ltr'><strong>magna</strong></span> <span class='ocrx_word' id='word_1_8' title='bbox 440 398 537 458; x_wconf 91' lang='lat' dir='ltr'><strong>medio</strong></span> <span class='ocrx_word' id='word_1_9' title='bbox 560 399 720 478; x_wconf 81' lang='lat' dir='ltr'><strong>resupinus</strong></span> <span class='ocrx_word' id='word_1_10' title='bbox 741 399 772 459; x_wconf 95' lang='lat' dir='ltr'><strong>in</strong></span> <span class='ocrx_word' id='word_1_11' title='bbox 795 407 884 463; x_wconf 85' lang='lat' dir='ltr'><strong>antro</strong></span> 
     </span>
     <span class='ocr_line' id='line_1_3' title="bbox 68 481 887 563; baseline 0.01 -23"><span class='ocrx_word' id='word_1_12' title='bbox 68 481 219 558; x_wconf 79' lang='lat' dir='ltr'><strong>frangeret</strong></span> <span class='ocrx_word' id='word_1_13' title='bbox 241 482 276 541; x_wconf 94' lang='lat' dir='ltr'><strong>ad</strong></span> <span class='ocrx_word' id='word_1_14' title='bbox 299 499 400 542; x_wconf 83' lang='lat' dir='ltr'><strong>saxum</strong></span> <span class='ocrx_word' id='word_1_15' title='bbox 423 482 564 562; x_wconf 81' lang='lat' dir='ltr'>sanieque</span> <span class='ocrx_word' id='word_1_16' title='bbox 585 482 725 563; x_wconf 88' lang='lat' dir='ltr'><strong>adspersa</strong></span> <span class='ocrx_word' id='word_1_17' title='bbox 748 492 887 549; x_wconf 86' lang='lat' dir='ltr'><strong>natarent</strong></span> 
     </span>
     <span class='ocr_line' id='line_1_4' title="bbox 68 564 834 635; baseline 0.008 -11"><span class='ocrx_word' id='word_1_18' title='bbox 68 564 185 635; x_wconf 83' lang='lat' dir='ltr'><strong>limina,</strong></span> <span class='ocrx_word' id='word_1_19' title='bbox 207 565 265 626; x_wconf 88' lang='lat' dir='ltr'><strong>vidi</strong></span> <span class='ocrx_word' id='word_1_20' title='bbox 287 575 351 627; x_wconf 93' lang='lat' dir='ltr'><strong>atro</strong></span> <span class='ocrx_word' id='word_1_21' title='bbox 374 584 442 628; x_wconf 90' lang='lat' dir='ltr'><strong>cum</strong></span> <span class='ocrx_word' id='word_1_22' title='bbox 466 568 598 629; x_wconf 91' lang='lat' dir='ltr'><strong>membra</strong></span> <span class='ocrx_word' id='word_1_23' title='bbox 620 569 740 630; x_wconf 86' lang='lat' dir='ltr'><strong>liuentia</strong></span> <span class='ocrx_word' id='word_1_24' title='bbox 763 568 834 630; x_wconf 92' lang='lat' dir='ltr'><strong>tabo</strong></span> 
     </span>
     <span class='ocr_line' id='line_1_5' title="bbox 68 649 924 731; baseline 0.008 -22"><span class='ocrx_word' id='word_1_25' title='bbox 68 649 222 711; x_wconf 80' lang='lat' dir='ltr'><strong>manderet</strong></span> <span class='ocrx_word' id='word_1_26' title='bbox 243 659 273 712; x_wconf 92' lang='lat' dir='ltr'><strong>et</strong></span> <span class='ocrx_word' id='word_1_27' title='bbox 294 651 386 731; x_wconf 91' lang='lat' dir='ltr'><strong>tepidi</strong></span> <span class='ocrx_word' id='word_1_28' title='bbox 409 660 573 713; x_wconf 87' lang='lat' dir='ltr'><strong>tremerent</strong></span> <span class='ocrx_word' id='word_1_29' title='bbox 593 654 648 714; x_wconf 92' lang='lat' dir='ltr'><strong>sub</strong></span> <span class='ocrx_word' id='word_1_30' title='bbox 670 653 812 716; x_wconf 84' lang='lat' dir='ltr'><strong>dentibus</strong></span> <span class='ocrx_word' id='word_1_31' title='bbox 834 664 924 719; x_wconf 87' lang='lat' dir='ltr'><strong>artus.</strong></span> 
     </span>
     <span class='ocr_line' id='line_1_6' title="bbox 68 734 865 817; baseline 0.01 -24"><span class='ocrx_word' id='word_1_32' title='bbox 68 734 143 794; x_wconf 88' lang='lat' dir='ltr'><strong>baud</strong></span> <span class='ocrx_word' id='word_1_33' title='bbox 167 735 289 814; x_wconf 88' lang='lat' dir='ltr'><strong>impuno</strong></span> <span class='ocrx_word' id='word_1_34' title='bbox 312 736 448 814; x_wconf 87' lang='lat' dir='ltr'><strong>quidem,</strong></span> <span class='ocrx_word' id='word_1_35' title='bbox 473 756 529 799; x_wconf 90' lang='lat' dir='ltr'><strong>nec</strong></span> <span class='ocrx_word' id='word_1_36' title='bbox 550 738 617 799; x_wconf 94' lang='lat' dir='ltr'><strong>talia</strong></span> <span class='ocrx_word' id='word_1_37' title='bbox 640 756 744 817; x_wconf 88' lang='lat' dir='ltr'><strong>passus</strong></span> <span class='ocrx_word' id='word_1_38' title='bbox 765 738 865 802; x_wconf 81' lang='lat' dir='ltr'>Ulixes</span> 
     </span>
     <span class='ocr_line' id='line_1_7' title="bbox 68 818 793 885; baseline 0.007 -5"><span class='ocrx_word' id='word_1_39' title='bbox 68 818 213 880; x_wconf 82' lang='lat' dir='ltr'>oblitusve</span> <span class='ocrx_word' id='word_1_40' title='bbox 234 820 280 881; x_wconf 92' lang='lat' dir='ltr'><strong>sui</strong></span> <span class='ocrx_word' id='word_1_41' title='bbox 304 830 348 882; x_wconf 88' lang='lat' dir='ltr'><strong>est</strong></span> <span class='ocrx_word' id='word_1_42' title='bbox 370 821 488 883; x_wconf 89' lang='lat' dir='ltr'><strong>ltbacus</strong></span> <span class='ocrx_word' id='word_1_43' title='bbox 510 822 679 884; x_wconf 87' lang='lat' dir='ltr'><strong>discrimine</strong></span> <span class='ocrx_word' id='word_1_44' title='bbox 700 832 793 885; x_wconf 89' lang='lat' dir='ltr'><strong>tanto.</strong></span> 
     </span>
     <span class='ocr_line' id='line_1_8' title="bbox 68 904 856 988; baseline 0.005 -21"><span class='ocrx_word' id='word_1_45' title='bbox 68 922 136 967; x_wconf 94' lang='lat' dir='ltr'><strong>nam</strong></span> <span class='ocrx_word' id='word_1_46' title='bbox 159 904 247 966; x_wconf 90' lang='lat' dir='ltr'><strong>simul</strong></span> <span class='ocrx_word' id='word_1_47' title='bbox 269 907 403 986; x_wconf 83' lang='lat' dir='ltr'><strong>expletus</strong></span> <span class='ocrx_word' id='word_1_48' title='bbox 425 905 550 985; x_wconf 84' lang='lat' dir='ltr'>dapibus</span> <span class='ocrx_word' id='word_1_49' title='bbox 570 907 700 986; x_wconf 90' lang='lat' dir='ltr'><strong>vinoque</strong></span> <span class='ocrx_word' id='word_1_50' title='bbox 721 908 856 988; x_wconf 86' lang='lat' dir='ltr'><strong>sepultus</strong></span> 
     </span>
     <span class='ocr_line' id='line_1_9' title="bbox 68 990 880 1072; baseline 0.006 -22"><span class='ocrx_word' id='word_1_51' title='bbox 68 990 211 1051; x_wconf 86' lang='lat' dir='ltr'><strong>cervicem</strong></span> <span class='ocrx_word' id='word_1_52' title='bbox 235 990 370 1052; x_wconf 85' lang='lat' dir='ltr'><strong>inllexam</strong></span> <span class='ocrx_word' id='word_1_53' title='bbox 394 991 493 1072; x_wconf 87' lang='lat' dir='ltr'>posuit</span> <span class='ocrx_word' id='word_1_54' title='bbox 514 991 662 1072; x_wconf 83' lang='lat' dir='ltr'><strong>iacuitque</strong></span> <span class='ocrx_word' id='word_1_55' title='bbox 684 1009 739 1072; x_wconf 92' lang='lat' dir='ltr'><strong>per</strong></span> <span class='ocrx_word' id='word_1_56' title='bbox 760 1002 880 1055; x_wconf 87' lang='lat' dir='ltr'><strong>antrum</strong></span> 
     </span>
     <span class='ocr_line' id='line_1_10' title="bbox 68 1076 840 1140; baseline 0.005 -4"><span class='ocrx_word' id='word_1_57' title='bbox 68 1076 230 1137; x_wconf 91' lang='lat' dir='ltr'><strong>immensus</strong></span> <span class='ocrx_word' id='word_1_58' title='bbox 252 1077 364 1137; x_wconf 89' lang='lat' dir='ltr'><strong>saniem</strong></span> <span class='ocrx_word' id='word_1_59' title='bbox 389 1083 527 1137; x_wconf 87' lang='lat' dir='ltr'><strong>eructans</strong></span> <span class='ocrx_word' id='word_1_60' title='bbox 550 1086 579 1139; x_wconf 92' lang='lat' dir='ltr'><strong>et</strong></span> <span class='ocrx_word' id='word_1_61' title='bbox 600 1077 693 1140; x_wconf 85' lang='lat' dir='ltr'><strong>frusta</strong></span> <span class='ocrx_word' id='word_1_62' title='bbox 714 1087 840 1140; x_wconf 86' lang='lat' dir='ltr'><strong>cruento</strong></span> 
     </span>
     <span class='ocr_line' id='line_1_11' title="bbox 66 1162 922 1242; baseline 0.006 -21"><span class='ocrx_word' id='word_1_63' title='bbox 66 1180 121 1240; x_wconf 85' lang='lat' dir='ltr'><strong>per</strong></span> <span class='ocrx_word' id='word_1_64' title='bbox 143 1178 281 1221; x_wconf 89' lang='lat' dir='ltr'><strong>somnum</strong></span> <span class='ocrx_word' id='word_1_65' title='bbox 304 1162 460 1222; x_wconf 84' lang='lat' dir='ltr'><strong>commixta</strong></span> <span class='ocrx_word' id='word_1_66' title='bbox 482 1179 581 1235; x_wconf 86' lang='lat' dir='ltr'><strong>mero,</strong></span> <span class='ocrx_word' id='word_1_67' title='bbox 605 1181 661 1224; x_wconf 90' lang='lat' dir='ltr'><strong>nos</strong></span> <span class='ocrx_word' id='word_1_68' title='bbox 682 1180 788 1242; x_wconf 80' lang='lat' dir='ltr'><strong>magna</strong></span> <span class='ocrx_word' id='word_1_69' title='bbox 811 1166 922 1242; x_wconf 87' lang='lat' dir='ltr'><strong>precati</strong></span> 
     </span>
     <span class='ocr_line' id='line_1_12' title="bbox 68 1244 840 1326; baseline 0 -19"><span class='ocrx_word' id='word_1_70' title='bbox 68 1246 190 1307; x_wconf 88' lang='lat' dir='ltr'><strong>numina</strong></span> <span class='ocrx_word' id='word_1_71' title='bbox 213 1244 368 1323; x_wconf 86' lang='lat' dir='ltr'><strong>sortitique</strong></span> <span class='ocrx_word' id='word_1_72' title='bbox 389 1246 468 1306; x_wconf 90' lang='lat' dir='ltr'><strong>vices</strong></span> <span class='ocrx_word' id='word_1_73' title='bbox 490 1265 549 1307; x_wconf 91' lang='lat' dir='ltr'><strong>una</strong></span> <span class='ocrx_word' id='word_1_74' title='bbox 572 1247 704 1326; x_wconf 88' lang='lat' dir='ltr'><strong>undique</strong></span> <span class='ocrx_word' id='word_1_75' title='bbox 725 1248 840 1309; x_wconf 90' lang='lat' dir='ltr'><strong>circum</strong></span> 
     </span>
     <span class='ocr_line' id='line_1_13' title="bbox 67 1329 806 1407; baseline 0.003 -16"><span class='ocrx_word' id='word_1_76' title='bbox 67 1330 219 1391; x_wconf 82' lang='lat' dir='ltr'><strong>fundimur</strong></span> <span class='ocrx_word' id='word_1_77' title='bbox 241 1338 270 1389; x_wconf 89' lang='lat' dir='ltr'><strong>et</strong></span> <span class='ocrx_word' id='word_1_78' title='bbox 293 1329 351 1390; x_wconf 91' lang='lat' dir='ltr'><strong>telo</strong></span> <span class='ocrx_word' id='word_1_79' title='bbox 374 1330 472 1391; x_wconf 92' lang='lat' dir='ltr'><strong>lumen</strong></span> <span class='ocrx_word' id='word_1_80' title='bbox 496 1331 682 1393; x_wconf 80' lang='lat' dir='ltr'>terebramus</span> <span class='ocrx_word' id='word_1_81' title='bbox 704 1341 806 1407; x_wconf 84' lang='lat' dir='ltr'><strong>acuto,</strong></span> 
     </span>
     <span class='ocr_line' id='line_1_14' title="bbox 68 1414 845 1492; baseline 0.004 -16"><span class='ocrx_word' id='word_1_82' title='bbox 68 1417 174 1492; x_wconf 84' lang='lat' dir='ltr'><strong>ingens</strong></span> <span class='ocrx_word' id='word_1_83' title='bbox 197 1414 275 1491; x_wconf 89' lang='lat' dir='ltr'><strong>quod</strong></span> <span class='ocrx_word' id='word_1_84' title='bbox 299 1422 380 1474; x_wconf 91' lang='lat' dir='ltr'><strong>torva</strong></span> <span class='ocrx_word' id='word_1_85' title='bbox 403 1415 499 1476; x_wconf 90' lang='lat' dir='ltr'><strong>solum</strong></span> <span class='ocrx_word' id='word_1_86' title='bbox 521 1417 577 1478; x_wconf 85' lang='lat' dir='ltr'><strong>sub</strong></span> <span class='ocrx_word' id='word_1_87' title='bbox 601 1418 698 1478; x_wconf 89' lang='lat' dir='ltr'><strong>lronte</strong></span> <span class='ocrx_word' id='word_1_88' title='bbox 720 1416 845 1491; x_wconf 88' lang='lat' dir='ltr'><strong>latebat,</strong></span> 
     </span>
     <span class='ocr_line' id='line_1_15' title="bbox 67 1498 847 1581; baseline 0.004 -21"><span class='ocrx_word' id='word_1_89' title='bbox 67 1499 196 1579; x_wconf 77' lang='lat' dir='ltr'><strong>Argolici</strong></span> <span class='ocrx_word' id='word_1_90' title='bbox 218 1498 304 1577; x_wconf 81' lang='lat' dir='ltr'><strong>clipei</strong></span> <span class='ocrx_word' id='word_1_91' title='bbox 328 1509 379 1560; x_wconf 86' lang='lat' dir='ltr'><strong>aut</strong></span> <span class='ocrx_word' id='word_1_92' title='bbox 400 1500 554 1561; x_wconf 82' lang='lat' dir='ltr'>Phoebeae</span> <span class='ocrx_word' id='word_1_93' title='bbox 576 1501 719 1581; x_wconf 83' lang='lat' dir='ltr'><strong>lampadis</strong></span> <span class='ocrx_word' id='word_1_94' title='bbox 740 1502 847 1575; x_wconf 87' lang='lat' dir='ltr'><strong>instar,</strong></span> 
     </span>
     <span class='ocr_line' id='line_1_16' title="bbox 67 1583 843 1649; baseline 0.003 -3"><span class='ocrx_word' id='word_1_95' title='bbox 67 1594 96 1646; x_wconf 92' lang='lat' dir='ltr'><strong>et</strong></span> <span class='ocrx_word' id='word_1_96' title='bbox 119 1584 236 1644; x_wconf 87' lang='lat' dir='ltr'><strong>landem</strong></span> <span class='ocrx_word' id='word_1_97' title='bbox 258 1583 326 1645; x_wconf 92' lang='lat' dir='ltr'><strong>laeti</strong></span> <span class='ocrx_word' id='word_1_98' title='bbox 348 1585 498 1647; x_wconf 88' lang='lat' dir='ltr'><strong>sociorum</strong></span> <span class='ocrx_word' id='word_1_99' title='bbox 520 1586 691 1649; x_wconf 85' lang='lat' dir='ltr'><strong>ulciscimur</strong></span> <span class='ocrx_word' id='word_1_100' title='bbox 712 1586 843 1648; x_wconf 89' lang='lat' dir='ltr'><strong>umbras.</strong></span> 
     </span>
     <span class='ocr_line' id='line_1_17' title="bbox 67 1668 944 1751; baseline 0.005 -20"><span class='ocrx_word' id='word_1_101' title='bbox 67 1668 118 1731; x_wconf 89' lang='lat' dir='ltr'><strong>sed</strong></span> <span class='ocrx_word' id='word_1_102' title='bbox 142 1668 247 1747; x_wconf 80' lang='lat' dir='ltr'><strong>lugite,</strong></span> <span class='ocrx_word' id='word_1_103' title='bbox 270 1688 287 1729; x_wconf 91' lang='lat' dir='ltr'><strong>o</strong></span> <span class='ocrx_word' id='word_1_104' title='bbox 311 1670 425 1745; x_wconf 90' lang='lat' dir='ltr'><strong>miseri,</strong></span> <span class='ocrx_word' id='word_1_105' title='bbox 448 1671 541 1749; x_wconf 81' lang='lat' dir='ltr'><strong>fugite</strong></span> <span class='ocrx_word' id='word_1_106' title='bbox 563 1679 651 1751; x_wconf 87' lang='lat' dir='ltr'><strong>atque</strong></span> <span class='ocrx_word' id='word_1_107' title='bbox 673 1671 710 1732; x_wconf 88' lang='lat' dir='ltr'><strong>ab</strong></span> <span class='ocrx_word' id='word_1_108' title='bbox 733 1671 818 1733; x_wconf 90' lang='lat' dir='ltr'><strong>litore</strong></span> <span class='ocrx_word' id='word_1_109' title='bbox 840 1673 944 1735; x_wconf 85' lang='lat' dir='ltr'><strong>lnnem</strong></span> 
     </span>
     <span class='ocr_line' id='line_1_18' title="bbox 65 1754 203 1833; baseline -0.022 -17"><span class='ocrx_word' id='word_1_110' title='bbox 65 1754 203 1833; x_wconf 86' lang='lat' dir='ltr'><strong>rumpite.</strong></span> 
     </span>
     <span class='ocr_line' id='line_1_19' title="bbox 67 1838 939 1921; baseline 0.007 -22"><span class='ocrx_word' id='word_1_111' title='bbox 67 1857 135 1899; x_wconf 93' lang='lat' dir='ltr'><strong>nam</strong></span> <span class='ocrx_word' id='word_1_112' title='bbox 157 1838 252 1917; x_wconf 91' lang='lat' dir='ltr'><strong>qualis</strong></span> <span class='ocrx_word' id='word_1_113' title='bbox 274 1846 463 1918; x_wconf 88' lang='lat' dir='ltr'><strong>quantusque</strong></span> <span class='ocrx_word' id='word_1_114' title='bbox 484 1858 554 1901; x_wconf 89' lang='lat' dir='ltr'><strong>cavo</strong></span> <span class='ocrx_word' id='word_1_115' title='bbox 578 1840 776 1921; x_wconf 85' lang='lat' dir='ltr'><strong>Polyphemus</strong></span> <span class='ocrx_word' id='word_1_116' title='bbox 797 1841 827 1902; x_wconf 91' lang='lat' dir='ltr'><strong>in</strong></span> <span class='ocrx_word' id='word_1_117' title='bbox 852 1852 939 1905; x_wconf 89' lang='lat' dir='ltr'><strong>antro</strong></span> 
     </span>
     <span class='ocr_line' id='line_1_20' title="bbox 66 1924 868 2006; baseline 0.004 -22"><span class='ocrx_word' id='word_1_118' title='bbox 66 1924 212 2004; x_wconf 80' lang='lat' dir='ltr'><strong>lanigeras</strong></span> <span class='ocrx_word' id='word_1_119' title='bbox 235 1924 342 1985; x_wconf 91' lang='lat' dir='ltr'><strong>claudit</strong></span> <span class='ocrx_word' id='word_1_120' title='bbox 363 1924 492 2004; x_wconf 91' lang='lat' dir='ltr'><strong>pecudes</strong></span> <span class='ocrx_word' id='word_1_121' title='bbox 513 1935 603 2004; x_wconf 86' lang='lat' dir='ltr'><strong>atque</strong></span> <span class='ocrx_word' id='word_1_122' title='bbox 624 1925 715 1987; x_wconf 89' lang='lat' dir='ltr'><strong>ubera</strong></span> <span class='ocrx_word' id='word_1_123' title='bbox 739 1936 868 2006; x_wconf 84' lang='lat' dir='ltr'><strong>pressat,</strong></span> 
     </span>
     <span class='ocr_line' id='line_1_21' title="bbox 67 2008 891 2091; baseline 0.004 -21"><span class='ocrx_word' id='word_1_124' title='bbox 67 2017 185 2071; x_wconf 88' lang='lat' dir='ltr'><strong>centum</strong></span> <span class='ocrx_word' id='word_1_125' title='bbox 209 2008 255 2070; x_wconf 96' lang='lat' dir='ltr'><strong>alii</strong></span> <span class='ocrx_word' id='word_1_126' title='bbox 279 2028 367 2070; x_wconf 89' lang='lat' dir='ltr'><strong>curva</strong></span> <span class='ocrx_word' id='word_1_127' title='bbox 391 2010 463 2071; x_wconf 90' lang='lat' dir='ltr'><strong>baec</strong></span> <span class='ocrx_word' id='word_1_128' title='bbox 485 2009 620 2070; x_wconf 86' lang='lat' dir='ltr'><strong>habitant</strong></span> <span class='ocrx_word' id='word_1_129' title='bbox 640 2012 675 2071; x_wconf 95' lang='lat' dir='ltr'><strong>ad</strong></span> <span class='ocrx_word' id='word_1_130' title='bbox 698 2010 783 2072; x_wconf 87' lang='lat' dir='ltr'><strong>litora</strong></span> <span class='ocrx_word' id='word_1_131' title='bbox 806 2012 891 2091; x_wconf 82' lang='lat' dir='ltr'><strong>volgo</strong></span> 
     </span>
     <span class='ocr_line' id='line_1_22' title="bbox 67 2094 787 2175; baseline 0 -19"><span class='ocrx_word' id='word_1_132' title='bbox 67 2095 179 2156; x_wconf 83' lang='lat' dir='ltr'><strong>infandi</strong></span> <span class='ocrx_word' id='word_1_133' title='bbox 203 2094 345 2175; x_wconf 80' lang='lat' dir='ltr'><strong>Cyclopes</strong></span> <span class='ocrx_word' id='word_1_134' title='bbox 367 2102 396 2155; x_wconf 93' lang='lat' dir='ltr'><strong>et</strong></span> <span class='ocrx_word' id='word_1_135' title='bbox 417 2094 483 2156; x_wconf 93' lang='lat' dir='ltr'><strong>altis</strong></span> <span class='ocrx_word' id='word_1_136' title='bbox 505 2095 656 2156; x_wconf 87' lang='lat' dir='ltr'><strong>montibus</strong></span> <span class='ocrx_word' id='word_1_137' title='bbox 678 2104 787 2157; x_wconf 87' lang='lat' dir='ltr'><strong>errant.</strong></span> 
     </span>
     <span class='ocr_line' id='line_1_23' title="bbox 66 2180 851 2259; baseline 0 -18"><span class='ocrx_word' id='word_1_138' title='bbox 66 2180 150 2241; x_wconf 79' lang='lat' dir='ltr'><strong>tortia</strong></span> <span class='ocrx_word' id='word_1_139' title='bbox 174 2181 231 2240; x_wconf 91' lang='lat' dir='ltr'><strong>iam</strong></span> <span class='ocrx_word' id='word_1_140' title='bbox 253 2180 341 2241; x_wconf 92' lang='lat' dir='ltr'><strong>lunae</strong></span> <span class='ocrx_word' id='word_1_141' title='bbox 363 2199 395 2241; x_wconf 89' lang='lat' dir='ltr'><strong>sc</strong></span> <span class='ocrx_word' id='word_1_142' title='bbox 418 2197 529 2241; x_wconf 89' lang='lat' dir='ltr'><strong>cornua</strong></span> <span class='ocrx_word' id='word_1_143' title='bbox 552 2180 663 2241; x_wconf 94' lang='lat' dir='ltr'><strong>lumine</strong></span> <span class='ocrx_word' id='word_1_144' title='bbox 685 2180 851 2259; x_wconf 84' lang='lat' dir='ltr'><strong>complent,</strong></span> 
     </span>
     <span class='ocr_line' id='line_1_24' title="bbox 67 2265 788 2327; baseline 0 -2"><span class='ocrx_word' id='word_1_145' title='bbox 67 2283 135 2325; x_wconf 91' lang='lat' dir='ltr'><strong>cum</strong></span> <span class='ocrx_word' id='word_1_146' title='bbox 157 2266 244 2325; x_wconf 84' lang='lat' dir='ltr'><strong>vitam</strong></span> <span class='ocrx_word' id='word_1_147' title='bbox 267 2265 296 2324; x_wconf 93' lang='lat' dir='ltr'><strong>in</strong></span> <span class='ocrx_word' id='word_1_148' title='bbox 321 2265 399 2325; x_wconf 87' lang='lat' dir='ltr'><strong>silvis</strong></span> <span class='ocrx_word' id='word_1_149' title='bbox 421 2265 499 2326; x_wconf 93' lang='lat' dir='ltr'><strong>inter</strong></span> <span class='ocrx_word' id='word_1_150' title='bbox 520 2265 635 2327; x_wconf 86' lang='lat' dir='ltr'><strong>deserta</strong></span> <span class='ocrx_word' id='word_1_151' title='bbox 658 2265 788 2326; x_wconf 84' lang='lat' dir='ltr'><strong>ferarum</strong></span> 
     </span>
     <span class='ocr_line' id='line_1_25' title="bbox 67 2348 948 2431; baseline 0.005 -22"><span class='ocrx_word' id='word_1_152' title='bbox 67 2350 156 2411; x_wconf 85' lang='lat' dir='ltr'><strong>lustra</strong></span> <span class='ocrx_word' id='word_1_153' title='bbox 180 2348 343 2426; x_wconf 91' lang='lat' dir='ltr'><strong>domosque</strong></span> <span class='ocrx_word' id='word_1_154' title='bbox 366 2349 449 2409; x_wconf 87' lang='lat' dir='ltr'><strong>traho</strong></span> <span class='ocrx_word' id='word_1_155' title='bbox 472 2359 627 2429; x_wconf 85' lang='lat' dir='ltr'><strong>vastosque</strong></span> <span class='ocrx_word' id='word_1_156' title='bbox 650 2349 686 2410; x_wconf 96' lang='lat' dir='ltr'><strong>ab</strong></span> <span class='ocrx_word' id='word_1_157' title='bbox 708 2368 782 2431; x_wconf 94' lang='lat' dir='ltr'><strong>rupe</strong></span> <span class='ocrx_word' id='word_1_158' title='bbox 804 2350 948 2431; x_wconf 75' lang='lat' dir='ltr'><strong>Cyclopas</strong></span> 
     </span>
     <span class='ocr_line' id='line_1_26' title="bbox 66 2433 920 2515; baseline 0.005 -22"><span class='ocrx_word' id='word_1_159' title='bbox 66 2433 215 2513; x_wconf 89' lang='lat' dir='ltr'><strong>prospicio</strong></span> <span class='ocrx_word' id='word_1_160' title='bbox 238 2434 427 2512; x_wconf 88' lang='lat' dir='ltr'><strong>sonitumque</strong></span> <span class='ocrx_word' id='word_1_161' title='bbox 450 2435 558 2515; x_wconf 86' lang='lat' dir='ltr'><strong>pedum</strong></span> <span class='ocrx_word' id='word_1_162' title='bbox 580 2453 743 2515; x_wconf 88' lang='lat' dir='ltr'><strong>vocemque</strong></span> <span class='ocrx_word' id='word_1_163' title='bbox 764 2445 920 2497; x_wconf 87' lang='lat' dir='ltr'><strong>tremesco.</strong></span> 
     </span>
     <span class='ocr_line' id='line_1_27' title="bbox 64 2518 810 2600; baseline 0.003 -23"><span class='ocrx_word' id='word_1_164' title='bbox 64 2518 174 2578; x_wconf 82' lang='lat' dir='ltr'><strong>victum</strong></span> <span class='ocrx_word' id='word_1_165' title='bbox 196 2518 360 2590; x_wconf 78' lang='lat' dir='ltr'><strong>infelicem,</strong></span> <span class='ocrx_word' id='word_1_166' title='bbox 384 2519 470 2581; x_wconf 90' lang='lat' dir='ltr'><strong>bacas</strong></span> <span class='ocrx_word' id='word_1_167' title='bbox 492 2520 681 2600; x_wconf 82' lang='lat' dir='ltr'><strong>lapidosaque</strong></span> <span class='ocrx_word' id='word_1_168' title='bbox 704 2538 810 2595; x_wconf 84' lang='lat' dir='ltr'><strong>cuma,</strong></span> 
     </span>
     <span class='ocr_line' id='line_1_28' title="bbox 66 2603 1127 2685; baseline 0.002 -23"><span class='ocrx_word' id='word_1_169' title='bbox 66 2603 137 2663; x_wconf 92' lang='lat' dir='ltr'><strong>dant</strong></span> <span class='ocrx_word' id='word_1_170' title='bbox 158 2603 231 2662; x_wconf 88' lang='lat' dir='ltr'><strong>rami</strong></span> <span class='ocrx_word' id='word_1_171' title='bbox 254 2612 284 2664; x_wconf 96' lang='lat' dir='ltr'><strong>et</strong></span> <span class='ocrx_word' id='word_1_172' title='bbox 303 2604 393 2665; x_wconf 83' lang='lat' dir='ltr'><strong>volsis</strong></span> <span class='ocrx_word' id='word_1_173' title='bbox 413 2613 539 2685; x_wconf 93' lang='lat' dir='ltr'><strong>pascunt</strong></span> <span class='ocrx_word' id='word_1_174' title='bbox 560 2605 707 2667; x_wconf 90' lang='lat' dir='ltr'><strong>radicibus</strong></span> <span class='ocrx_word' id='word_1_175' title='bbox 729 2604 847 2666; x_wconf 87' lang='lat' dir='ltr'><strong>berbae.</strong></span> <span class='ocrx_word' id='word_1_176' title='bbox 1092 2611 1127 2664; x_wconf 80' lang='lat' dir='ltr'><strong>att</strong></span> 
     </span>
     <span class='ocr_line' id='line_1_29' title="bbox 66 2688 939 2769; baseline 0.003 -21"><span class='ocrx_word' id='word_1_177' title='bbox 66 2688 166 2749; x_wconf 89' lang='lat' dir='ltr'><strong>omnia</strong></span> <span class='ocrx_word' id='word_1_178' title='bbox 188 2689 378 2750; x_wconf 89' lang='lat' dir='ltr'><strong>conlustrans</strong></span> <span class='ocrx_word' id='word_1_179' title='bbox 400 2689 477 2751; x_wconf 90' lang='lat' dir='ltr'><strong>hanc</strong></span> <span class='ocrx_word' id='word_1_180' title='bbox 499 2690 627 2769; x_wconf 90' lang='lat' dir='ltr'><strong>primum</strong></span> <span class='ocrx_word' id='word_1_181' title='bbox 650 2689 686 2750; x_wconf 96' lang='lat' dir='ltr'><strong>ad</strong></span> <span class='ocrx_word' id='word_1_182' title='bbox 709 2690 795 2750; x_wconf 91' lang='lat' dir='ltr'><strong>litora</strong></span> <span class='ocrx_word' id='word_1_183' title='bbox 816 2690 939 2752; x_wconf 86' lang='lat' dir='ltr'><strong>classem</strong></span> 
     </span>
     <span class='ocr_line' id='line_1_30' title="bbox 66 2774 975 2854; baseline 0.003 -21"><span class='ocrx_word' id='word_1_184' title='bbox 66 2774 206 2853; x_wconf 82' lang='lat' dir='ltr'><strong>conspexi</strong></span> <span class='ocrx_word' id='word_1_185' title='bbox 228 2774 406 2836; x_wconf 87' lang='lat' dir='ltr'><strong>venientem.</strong></span> <span class='ocrx_word' id='word_1_186' title='bbox 451 2775 519 2837; x_wconf 92' lang='lat' dir='ltr'><strong>buic</strong></span> <span class='ocrx_word' id='word_1_187' title='bbox 543 2793 605 2847; x_wconf 83' lang='lat' dir='ltr'><strong>me,</strong></span> <span class='ocrx_word' id='word_1_188' title='bbox 628 2793 833 2854; x_wconf 85' lang='lat' dir='ltr'><strong>quaecumque</strong></span> <span class='ocrx_word' id='word_1_189' title='bbox 854 2776 975 2847; x_wconf 83' lang='lat' dir='ltr'><strong>luisset,</strong></span> 
     </span>
     <span class='ocr_line' id='line_1_31' title="bbox 65 2859 828 2940; baseline 0.003 -22"><span class='ocrx_word' id='word_1_190' title='bbox 65 2859 176 2919; x_wconf 80' lang='lat' dir='ltr'><strong>addixi:</strong></span> <span class='ocrx_word' id='word_1_191' title='bbox 200 2860 270 2921; x_wconf 89' lang='lat' dir='ltr'><strong>satis</strong></span> <span class='ocrx_word' id='word_1_192' title='bbox 292 2868 335 2921; x_wconf 88' lang='lat' dir='ltr'><strong>est</strong></span> <span class='ocrx_word' id='word_1_193' title='bbox 358 2869 476 2940; x_wconf 81' lang='lat' dir='ltr'><strong>gentem</strong></span> <span class='ocrx_word' id='word_1_194' title='bbox 500 2860 638 2939; x_wconf 82' lang='lat' dir='ltr'><strong>effugisse</strong></span> <span class='ocrx_word' id='word_1_195' title='bbox 661 2860 828 2922; x_wconf 85' lang='lat' dir='ltr'><strong>uelandam.</strong></span> 
     </span>
     <span class='ocr_line' id='line_1_32' title="bbox 63 2940 962 3026; baseline 0.004 -24"><span class='ocrx_word' id='word_1_196' title='bbox 63 2963 116 3006; x_wconf 87' lang='lat' dir='ltr'><strong>vos</strong></span> <span class='ocrx_word' id='word_1_197' title='bbox 138 2944 263 3005; x_wconf 89' lang='lat' dir='ltr'><strong>animam</strong></span> <span class='ocrx_word' id='word_1_198' title='bbox 286 2945 364 3006; x_wconf 90' lang='lat' dir='ltr'><strong>hanc</strong></span> <span class='ocrx_word' id='word_1_199' title='bbox 385 2947 484 3026; x_wconf 89' lang='lat' dir='ltr'><strong>potius</strong></span> <span class='ocrx_word' id='word_1_200' title='bbox 507 2962 695 3024; x_wconf 87' lang='lat' dir='ltr'><strong>quocumque</strong></span> <span class='ocrx_word' id='word_1_201' title='bbox 717 2944 861 3006; x_wconf 87' lang='lat' dir='ltr'><strong>absumite</strong></span> <span class='ocrx_word' id='word_1_202' title='bbox 882 2940 962 3006; x_wconf 83' lang='lat' dir='ltr'><strong>leto.³</strong></span> 
     </span>
     <span class='ocr_line' id='line_1_33' title="bbox 149 3029 1134 3104; baseline 0.006 -20"><span class='ocrx_word' id='word_1_203' title='bbox 149 3030 203 3090; x_wconf 83' lang='lat' dir='ltr'><strong>Vix</strong></span> <span class='ocrx_word' id='word_1_204' title='bbox 226 3048 258 3090; x_wconf 93' lang='lat' dir='ltr'><strong>ea</strong></span> <span class='ocrx_word' id='word_1_205' title='bbox 282 3031 357 3091; x_wconf 87' lang='lat' dir='ltr'><strong>latus</strong></span> <span class='ocrx_word' id='word_1_206' title='bbox 379 3040 457 3104; x_wconf 83' lang='lat' dir='ltr'><strong>erat,</strong></span> <span class='ocrx_word' id='word_1_207' title='bbox 480 3048 595 3092; x_wconf 90' lang='lat' dir='ltr'><strong>summo</strong></span> <span class='ocrx_word' id='word_1_208' title='bbox 618 3048 686 3090; x_wconf 92' lang='lat' dir='ltr'><strong>cum</strong></span> <span class='ocrx_word' id='word_1_209' title='bbox 709 3039 811 3091; x_wconf 91' lang='lat' dir='ltr'><strong>monte</strong></span> <span class='ocrx_word' id='word_1_210' title='bbox 832 3029 965 3092; x_wconf 87' lang='lat' dir='ltr'><strong>videmus</strong></span> <span class='ocrx_word' id='word_1_211' title='bbox 1095 3038 1134 3090; x_wconf 70' lang='grc'><strong>65</strong></span> 
     </span>
     <span class='ocr_line' id='line_1_34' title="bbox 64 3114 856 3194; baseline -0.001 -19"><span class='ocrx_word' id='word_1_212' title='bbox 64 3115 160 3194; x_wconf 92' lang='lat' dir='ltr'><strong>ipsum</strong></span> <span class='ocrx_word' id='word_1_213' title='bbox 184 3115 263 3175; x_wconf 92' lang='lat' dir='ltr'><strong>inter</strong></span> <span class='ocrx_word' id='word_1_214' title='bbox 283 3116 413 3194; x_wconf 89' lang='lat' dir='ltr'><strong>pecudes</strong></span> <span class='ocrx_word' id='word_1_215' title='bbox 434 3124 511 3176; x_wconf 89' lang='lat' dir='ltr'><strong>vasta</strong></span> <span class='ocrx_word' id='word_1_216' title='bbox 534 3133 566 3176; x_wconf 90' lang='lat' dir='ltr'><strong>se</strong></span> <span class='ocrx_word' id='word_1_217' title='bbox 589 3114 667 3176; x_wconf 91' lang='lat' dir='ltr'><strong>mole</strong></span> <span class='ocrx_word' id='word_1_218' title='bbox 689 3123 856 3175; x_wconf 82' lang='lat' dir='ltr'><strong>moventem</strong></span> 
     </span>
     <span class='ocr_line' id='line_1_35' title="bbox 64 3199 892 3280; baseline -0.001 -20"><span class='ocrx_word' id='word_1_219' title='bbox 64 3207 212 3280; x_wconf 89' lang='lat' dir='ltr'><strong>pastorem</strong></span> <span class='ocrx_word' id='word_1_220' title='bbox 236 3199 449 3279; x_wconf 77' lang='lat' dir='ltr'><strong>Polyphemum</strong></span> <span class='ocrx_word' id='word_1_221' title='bbox 472 3208 502 3260; x_wconf 92' lang='lat' dir='ltr'><strong>et</strong></span> <span class='ocrx_word' id='word_1_222' title='bbox 523 3200 609 3260; x_wconf 93' lang='lat' dir='ltr'><strong>litora</strong></span> <span class='ocrx_word' id='word_1_223' title='bbox 633 3207 702 3260; x_wconf 92' lang='lat' dir='ltr'><strong>nota</strong></span> <span class='ocrx_word' id='word_1_224' title='bbox 725 3208 892 3279; x_wconf 84' lang='lat' dir='ltr'><strong>petentem,</strong></span> 
     </span>
     <span class='ocr_line' id='line_1_36' title="bbox 64 3284 1135 3365; baseline -0.001 -21"><span class='ocrx_word' id='word_1_225' title='bbox 64 3292 229 3345; x_wconf 87' lang='lat' dir='ltr'><strong>monstrum</strong></span> <span class='ocrx_word' id='word_1_226' title='bbox 245 3284 444 3358; x_wconf 88' lang='lat' dir='ltr'><strong>horrendum,</strong></span> <span class='ocrx_word' id='word_1_227' title='bbox 467 3285 609 3357; x_wconf 82' lang='lat' dir='ltr'><strong>informe,</strong></span> <span class='ocrx_word' id='word_1_228' title='bbox 631 3285 755 3362; x_wconf 81' lang='lat' dir='ltr'><strong>ingens,</strong></span> <span class='ocrx_word' id='word_1_229' title='bbox 778 3285 826 3346; x_wconf 91' lang='lat' dir='ltr'><strong>cui</strong></span> <span class='ocrx_word' id='word_1_230' title='bbox 841 3284 942 3346; x_wconf 91' lang='lat' dir='ltr'><strong>lumen</strong></span> <span class='ocrx_word' id='word_1_231' title='bbox 959 3284 1135 3365; x_wconf 87' lang='lat' dir='ltr'><strong>ademptum.</strong></span> 
     </span>
     <span class='ocr_line' id='line_1_37' title="bbox 63 3368 815 3449; baseline 0 -19"><span class='ocrx_word' id='word_1_232' title='bbox 63 3378 168 3430; x_wconf 89' lang='lat' dir='ltr'><strong>trunca</strong></span> <span class='ocrx_word' id='word_1_233' title='bbox 191 3387 280 3429; x_wconf 89' lang='lat' dir='ltr'><strong>mann</strong></span> <span class='ocrx_word' id='word_1_234' title='bbox 304 3368 393 3448; x_wconf 92' lang='lat' dir='ltr'><strong>pinus</strong></span> <span class='ocrx_word' id='word_1_235' title='bbox 414 3369 490 3449; x_wconf 82' lang='lat' dir='ltr'><strong>regit</strong></span> <span class='ocrx_word' id='word_1_236' title='bbox 512 3378 542 3429; x_wconf 88' lang='lat' dir='ltr'><strong>et</strong></span> <span class='ocrx_word' id='word_1_237' title='bbox 562 3368 682 3448; x_wconf 80' lang='lat' dir='ltr'><strong>vestigia</strong></span> <span class='ocrx_word' id='word_1_238' title='bbox 704 3370 815 3445; x_wconf 86' lang='lat' dir='ltr'><strong>firmat;</strong></span> 
     </span>
     <span class='ocr_line' id='line_1_38' title="bbox 63 3454 1138 3534; baseline -0.002 -19"><span class='ocrx_word' id='word_1_239' title='bbox 63 3455 211 3534; x_wconf 83' lang='lat' dir='ltr'><strong>lanigerae</strong></span> <span class='ocrx_word' id='word_1_240' title='bbox 235 3454 415 3515; x_wconf 81' lang='lat' dir='ltr'><strong>comitantur</strong></span> <span class='ocrx_word' id='word_1_241' title='bbox 438 3472 521 3515; x_wconf 90' lang='lat' dir='ltr'><strong>oves:</strong></span> <span class='ocrx_word' id='word_1_242' title='bbox 544 3471 577 3514; x_wconf 94' lang='lat' dir='ltr'><strong>ea</strong></span> <span class='ocrx_word' id='word_1_243' title='bbox 601 3454 661 3514; x_wconf 89' lang='lat' dir='ltr'><strong>sola</strong></span> <span class='ocrx_word' id='word_1_244' title='bbox 683 3454 819 3534; x_wconf 86' lang='lat' dir='ltr'><strong>voluptas</strong></span> <span class='ocrx_word' id='word_1_245' title='bbox 1095 3462 1138 3513; x_wconf 84' lang='lat' dir='ltr'><strong>tut</strong></span> 
     </span>
     <span class='ocr_line' id='line_1_39' title="bbox 63 3539 354 3618; baseline -0.007 -17"><span class='ocrx_word' id='word_1_246' title='bbox 63 3541 254 3618; x_wconf 87' lang='lat' dir='ltr'><strong>solamenque</strong></span> <span class='ocrx_word' id='word_1_247' title='bbox 277 3539 354 3600; x_wconf 89' lang='lat' dir='ltr'><strong>mali.</strong></span> 
     </span>
    </p>
   </div>
   <div class='ocr_carea' id='block_1_3' title="bbox 63 3685 1139 3828">
    <p class='ocr_par' dir='ltr' id='par_1_3' title="bbox 63 3685 1139 3828">
     <span class='ocr_line' id='line_1_40' title="bbox 149 3685 1139 3757; baseline -0.004 -14"><span class='ocrx_word' id='word_1_248' title='bbox 149 3694 198 3744; x_wconf 78' lang='lat'><strong>625</strong></span> <span class='ocrx_word' id='word_1_249' title='bbox 217 3707 343 3757; x_wconf 77' lang='lat' dir='ltr'><strong>consparsa</strong></span> <span class='ocrx_word' id='word_1_250' title='bbox 362 3689 441 3754; x_wconf 67' lang='lat' dir='ltr'><strong>b²c²x‚</strong></span> <span class='ocrx_word' id='word_1_251' title='bbox 459 3690 491 3742; x_wconf 90' lang='lat' dir='ltr'><strong>cl</strong></span> <span class='ocrx_word' id='word_1_252' title='bbox 508 3688 578 3740; x_wconf 87' lang='lat' dir='ltr'><strong>Serv.</strong></span> <span class='ocrx_word' id='word_1_253' title='bbox 592 3689 656 3740; x_wconf 86' lang='lat' dir='ltr'><strong>libb.</strong></span> <span class='ocrx_word' id='word_1_254' title='bbox 727 3689 776 3739; x_wconf 75' lang='lat'><strong>627</strong></span> <span class='ocrx_word' id='word_1_255' title='bbox 795 3689 895 3755; x_wconf 76' lang='lat' dir='ltr'><strong>trepido·</strong></span> <span class='ocrx_word' id='word_1_256' title='bbox 912 3685 1069 3739; x_wconf 77' lang='lat' dir='ltr'><strong>M¹P²a¹b¹ar</strong></span> <span class='ocrx_word' id='word_1_257' title='bbox 1080 3685 1139 3739; x_wconf 75' lang='lat' dir='ltr'><strong>hd.</strong></span> 
     </span>
     <span class='ocr_line' id='line_1_41' title="bbox 63 3754 1139 3828; baseline -0.006 -18"><span class='ocrx_word' id='word_1_258' title='bbox 63 3760 141 3810; x_wconf 82' lang='grc' dir='ltr'><strong>632Ι</strong></span> <span class='ocrx_word' id='word_1_259' title='bbox 131 3775 286 3810; x_wconf 69' lang='lat' dir='ltr'><strong>animantum</strong></span> <span class='ocrx_word' id='word_1_260' title='bbox 305 3757 509 3828; x_wconf 75' lang='lat' dir='ltr'><strong>Py¹a¹b²Seru3</strong></span> <span class='ocrx_word' id='word_1_261' title='bbox 504 3757 560 3809; x_wconf 88' lang='lat' dir='ltr'><strong>·.cl</strong></span> <span class='ocrx_word' id='word_1_262' title='bbox 580 3754 840 3821; x_wconf 65' lang='lat' dir='ltr'><strong>Quinctilium.</strong></span> <span class='ocrx_word' id='word_1_263' title='bbox 943 3756 1139 3822; x_wconf 67' lang='lat' dir='ltr'><strong>tuapromoet</strong></span> 
     </span>
    </p>
   </div>
   <div class='ocr_carea' id='block_1_4' title="bbox 61 3798 1136 3961">
    <p class='ocr_par' dir='ltr' id='par_1_4' title="bbox 61 3798 1136 3961">
     <span class='ocr_line' id='line_1_42' title="bbox 61 3798 1136 3895; baseline -0.002 -20"><span class='ocrx_word' id='word_1_264' title='bbox 61 3824 194 3895; x_wconf 59' lang='lat' dir='ltr'><strong>ustura.</strong></span> <span class='ocrx_word' id='word_1_265' title='bbox 292 3829 468 3879; x_wconf 73' lang='grc'><strong>6591111111</strong></span> <span class='ocrx_word' id='word_1_266' title='bbox 487 3798 685 3885; x_wconf 76' lang='lat' dir='ltr'><strong>li²a²n²uuint</strong></span> <span class='ocrx_word' id='word_1_267' title='bbox 704 3822 848 3889; x_wconf 59' lang='lat' dir='ltr'><strong>vulcat.</strong></span> <span class='ocrx_word' id='word_1_268' title='bbox 948 3825 997 3877; x_wconf 86' lang='grc'><strong>661</strong></span> <span class='ocrx_word' id='word_1_269' title='bbox 1018 3822 1136 3875; x_wconf 75' lang='lat' dir='ltr'><strong>ducello</strong></span> 
     </span>
     <span class='ocr_line' id='line_1_43' title="bbox 61 3890 670 3961; baseline 0.002 -19"><span class='ocrx_word' id='word_1_270' title='bbox 61 3893 153 3955; x_wconf 78' lang='lat' dir='ltr'><strong>fistula</strong></span> <span class='ocrx_word' id='word_1_271' title='bbox 170 3895 268 3958; x_wconf 83' lang='lat' dir='ltr'><strong>pandet</strong></span> <span class='ocrx_word' id='word_1_272' title='bbox 285 3909 309 3942; x_wconf 88' lang='lat' dir='ltr'><strong>v.</strong></span> <span class='ocrx_word' id='word_1_273' title='bbox 329 3896 432 3959; x_wconf 82' lang='lat' dir='ltr'><strong>explent</strong></span> <span class='ocrx_word' id='word_1_274' title='bbox 449 3895 506 3946; x_wconf 92' lang='lat' dir='ltr'><strong>libri</strong></span> <span class='ocrx_word' id='word_1_275' title='bbox 525 3910 563 3961; x_wconf 92' lang='lat' dir='ltr'><strong>pr.</strong></span> <span class='ocrx_word' id='word_1_276' title='bbox 581 3890 670 3943; x_wconf 83' lang='lat' dir='ltr'><strong>F¹blb¹</strong></span> 
     </span>
    </p>
   </div>
   <div class='ocr_carea' id='block_1_5' title="bbox 485 4118 555 4127">
    <p class='ocr_par' dir='ltr' id='par_1_5' title="bbox 485 4118 555 4127">
     <span class='ocr_line' id='line_1_44' title="bbox 485 4118 555 4127; baseline 0 0"><span class='ocrx_word' id='word_1_277' title='bbox 485 4118 555 4127; x_wconf 56' lang='lat' dir='ltr'><strong>..a-mu.</strong></span> 
     </span>
    </p>
   </div>
   <div class='ocr_carea' id='block_1_6' title="bbox 0 0 1148 4394">
    <p class='ocr_par' dir='ltr' id='par_1_6' title="bbox 0 0 1148 4394">
     <span class='ocr_line' id='line_1_45' title="bbox 0 0 1148 4394; baseline 0 1"><span class='ocrx_word' id='word_1_278' title='bbox 0 0 1148 4394; x_wconf 95' lang='lat' dir='ltr'><strong> </strong></span> 
     </span>
    </p>
   </div>
  </div>
 </body>
</html>
