2286 4394
427 112 588 166 Aruernos
607 112 665 172 1111.
681 112 723 166 111.

59 288 203 348 terrificant
224 288 338 348 animos
360 295 389 347 et
410 286 510 347 inania
532 303 683 347 murmura
705 283 853 346 miscent?

65 368 166 446 1333133,
189 391 264 451 quae
287 373 396 434 nostris
417 389 521 432 errans
543 373 574 432 in
596 370 706 432 finibus
726 370 830 431 urbem

70 457 175 538 exiguam
196 458 292 536 pretio
315 456 427 537 posuit,
451 456 498 517 cui
520 457 589 518 litus
611 456 753 517 arandum

72 542 151 622 orique
171 543 226 604 loci
249 543 329 622 leges
351 541 499 613 dedimus,
521 540 650 602 conubia
672 549 773 601 nostre

74 627 171 706 reppulit
191 646 225 688 ac
248 627 401 688 dominum
424 629 543 687 Aenean
567 626 598 689 in
620 643 713 704 regna
736 625 857 704 recepit.

73 720 94 772 31
107 731 174 774 3333
196 713 245 774 ille
268 711 349 773 Paris
370 722 437 772 cum
460 711 596 773 semiviro
619 710 758 772 comitatu

72 794 174 858 llreonia
197 805 331 858 mentum
351 797 438 858 mitra
460 797 632 874 crinemque
655 796 821 856 madentem

71 881 192 944 subnexus
213 890 298 962 rapto
321 881 446 962 potitur:
471 900 525 943 nos
547 899 670 943 munera
693 879 811 958 templis

70 966 154 1046 quippe
175 968 233 1030 tuis
255 967 376 1030 serimus
398 967 563 1045 famamque
584 967 716 1028 levemus
739 957 883 1025 inanem’

132 1052 245 1114 Talibus
268 1061 400 1114 orantem
423 1051 508 1114 dictis
530 1069 652 1130 arasque
673 1057 824 1111 tenentem

69 1137 138 1198 audiit
155 1138 344 1217 omnipotens
366 1136 527 1216 oculosque
548 1137 584 1197 ad
607 1135 723 1197 moenia
745 1134 830 1195 torsit

68 1222 127 1300 regia
146 1234 173 1284 et
194 1223 302 1285 oblitos
324 1223 417 1283 lamae
440 1221 570 1283 melioris
591 1220 724 1281 amantis.

69 1312 115 1367 tm
132 1309 171 1370 sic
192 1308 372 1370 Mercurium
394 1306 561 1385 adloquitur
582 1324 616 1367 ac
638 1304 706 1366 talia
726 1304 858 1364 mandat:

67 1382 130 1454 ‘rade
148 1411 215 1471 age,
238 1402 322 1465 nate,
345 1410 417 1454 voca
438 1391 589 1471 Zephyros
611 1398 641 1451 et
661 1389 761 1451 labere
783 1387 883 1468 pinnis

44 1528 47 1533 .
69 1473 281 1557 ludauiumque
303 1478 424 1552 ducem,
445 1477 534 1556 Tyria
557 1475 735 1553 Karthagine
757 1474 808 1553 qui
830 1491 912 1534 nune

69 1571 192 1641 exspectat
214 1563 339 1642 latisque
361 1564 442 1625 datas
464 1581 526 1624 non
550 1561 670 1640 respicit
691 1558 790 1632 urbis,

70 1645 200 1726 adloquere
222 1657 253 1709 et
274 1647 379 1710 celeris
400 1647 482 1709 deser
504 1665 568 1707 mea
591 1646 667 1707 dicta
688 1662 743 1724 per
763 1662 859 1704 auras.

72 1747 114 1792 non
132 1732 210 1793 illum
232 1733 319 1794 nobis
341 1733 474 1812 genetrix
495 1731 693 1812 pulcherrima
715 1730 802 1791 talem

71 1817 179 1892 premisit
200 1817 379 1896 Graiumque
400 1817 467 1879 ideo
490 1817 535 1879 bis
556 1814 684 1877 vindicat
705 1815 807 1886 ermis,

70 1901 196 1976 31133,
220 1903 272 1982 qui
293 1902 439 1980 gravidam
461 1901 592 1983 imperiis
615 1900 751 1980 belloque
772 1900 947 1959 frementem

70 1981 154 2048 loriam
176 1997 306 2066 regeret,
329 2006 424 2066 genus
445 1987 504 2048 3113
526 2005 542 2048 3
565 1986 710 2065 sanguine
732 1983 839 2045 Teucri

70 2073 183 2144 proderet
204 2092 239 2134 ac
261 2081 354 2135 totum
377 2073 431 2134 suh
454 2073 533 2151 leges
554 2072 684 2133 mitteret
707 2069 818 2131 orbem.

70 2153 171 2220 3133113
193 2157 328 2220 accendit
350 2165 496 2220 tantarum
519 2157 611 2236 gloria
634 2174 733 2217 rernm

68 2255 109 2301 rec
127 2262 213 2323 super
235 2243 371 2322 ipsosne
393 2243 513 2304 molitur
534 2242 619 2304 laude
642 2241 788 2313 laborem,

10 2386 13 2392 .
69 2324 209 2391 Ascanione
232 2337 316 2409 pater
336 2328 483 2390 Romanas
504 2328 615 2389 inridet
635 2323 741 2387 arces?

69 2411 121 2485 quid
139 2411 245 2476 struit?
267 2422 318 2474 331
340 2431 397 2492 qua
419 2431 471 2492 spe
493 2412 610 2474 inimica
633 2412 663 2472 in
687 2419 774 2490 gente
796 2415 941 2480 moratur,

69 2509 109 2557 rec
126 2499 236 2578 prolem
259 2499 419 2559 Ausoniam
440 2507 470 2559 et
491 2498 609 2559 Lavinia
632 2496 752 2577 respicit
773 2491 861 2556 arva?

68 2582 173 2662 mugeti
196 2584 270 2645 haec
291 2601 403 2645 summa
425 2591 485 2658 est;
508 2582 556 2643 hic
579 2581 673 2643 nostri
695 2580 819 2642 nuntius
841 2574 927 2640 esto’

68 2745 73 2756 Ι
131 2669 255 2730 Dixerat.
300 2669 348 2730 ille
370 2668 461 2747 patris
484 2667 583 2747 magni
605 2685 710 2747 parere
733 2665 853 2745 parabat

67 2754 184 2831 inperio:
208 2762 238 2815 et
258 2754 386 2834 primum
407 2752 533 2833 pedibus
555 2752 655 2813 talaria
677 2751 770 2813 nectit

65 2848 148 2913 aurea,
172 2857 247 2918 quae
269 2838 424 2899 sublimem
446 2838 498 2900 ulis
521 2838 580 2900 sire
602 2855 730 2916 aequora
752 2853 841 2914 supra

65 2935 102 2981 seu
122 2931 230 2985 terram
251 2924 353 3003 rapido
376 2923 486 3003 pariter
508 2942 576 2985 cnm
598 2922 716 2983 flamine
738 2929 874 3001 portant3

10 3064 12 3071 .
64 3009 110 3068 lum
130 3009 241 3088 virgam
263 3009 355 3089 capit:
379 3010 433 3071 hac
454 3008 566 3071 animas
588 3008 637 3069 ille
660 3015 761 3069 evocat
783 3006 862 3068 Orco

62 3091 195 3169 pallentis,
219 3094 289 3157 alies
309 3093 365 3156 snb
388 3093 509 3155 Tartara
530 3094 624 3156 tristia
646 3093 750 3164 mittit,

61 3175 98 3238 131
116 3197 236 3241 somnos
257 3179 417 3258 adimitque
439 3187 468 3240 et
489 3179 599 3242 lumina
621 3187 716 3240 morte
739 3176 877 3255 resignat.

60 3257 95 3321 illa
116 3265 207 3326 133133
230 3264 289 3344 egit
309 3272 413 3326 ventos
435 3272 465 3326 et
487 3264 603 3327 turbida
625 3271 724 3325 tranat

59 3346 154 3409 nubila.
193 3349 311 3429 iamque
333 3349 434 3412 volans
455 3349 568 3429 apicem
591 3357 620 3410 et
640 3349 731 3410 latera
753 3347 844 3410 ardua
866 3342 961 3407 cernit

59 3456 249 3470 *—

1072 3265 1114 3319 245

130 3516 178 3570 211
198 3518 335 3569 1111313111
353 3514 408 3567 eod.
426 3513 505 3568 nasu.
523 3515 550 3567 11.
568 3516 619 3576 3,3
639 3516 664 3566 et
682 3513 796 3566 Leidens.
815 3511 880 3564 sur.
898 3505 995 3561 sirnv
1014 3509 1038 3569 ³,
1058 3507 1113 3557 115.

54 3585 175 3636 1111313111
193 3583 255 3637 boni
273 3583 331 3636 libri
350 3591 376 3636 et
393 3582 465 3636 Serv,
555 3585 749 3649 trigonorum
766 3582 841 3630 noble
859 3576 908 3640 mx
919 3573 994 3627 Ribb.
1063 3573 1113 3625 228

55 3648 210 3718 Graiumque
228 3691 235 3706 .
254 3692 260 3705 .
279 3655 362 3704 armis
379 3651 440 3704 secl.
457 3650 537 3704 Gebh.
625 3653 674 3704 236
692 3649 775 3702 damn.
793 3644 867 3696 Ribb.
954 3643 1004 3694 244
1020 3644 1115 3704 morte]

53 3723 155 3784 opertet
223 3725 300 3772 nocte
317 3718 383 3773 ceni.
401 3718 497 3793 Heyne.
566 3719 644 3770 verbu
663 3722 689 3766 et
700 3756 706 3770 .
717 3755 723 3769 .
736 3731 785 3766 ree.
804 3713 886 3765 damn.
899 3708 1008 3775 Peerlk„
1032 3712 1115 3762 totum

52 3801 73 3839 r.
89 3788 176 3841 Gulhl.
