2474 4388
452 218 613 289 ianmnos
631 235 689 289 un
708 237 737 290 v.

59 413 89 464 et
112 403 243 483 elipeum
265 404 364 466 efferri
386 405 485 480 iussit,
507 406 697 487 Didymaonis
718 410 803 481 artis,

59 489 192 569 Neptuni
213 506 297 550 sacro
319 490 426 552 Danais
447 492 483 552 de
505 501 591 571 poste
612 494 750 568 refixum3

59 575 119 634 hoo
141 573 279 636 iuvenem
301 576 453 656 egregium
475 578 636 656 praestanti
658 597 783 640 munere
804 578 904 642 donat.

147 658 233 735 Post,
257 659 309 721 ubi
332 661 460 722 confecti
482 680 587 724 cursus
610 671 639 722 et
661 662 739 724 dona
761 665 891 744 peregit:

57 736 170 819 ‘nune,
192 744 217 805 si
239 745 287 806 cui
308 747 401 808 virtus
422 748 598 826 animusque
620 747 651 808 in
674 757 797 827 pectore
818 769 975 829 praesens,

60 829 137 890 adsit
159 836 189 889 et
211 829 333 892 evinctis
355 833 467 892 attollat
489 831 624 893 bracchia
647 830 771 912 palmis?

59 915 104 976 sic
127 914 168 974 ait
188 925 219 976 et
239 916 391 993 geminum
412 935 531 996 pugnae
553 919 695 997 proponit
716 918 877 994 honorem,

58 998 165 1061 victori
186 1000 314 1061 velatum
335 1019 407 1062 auro
428 1002 566 1081 vittisque
587 1003 758 1078 iuvencum,

60 1102 166 1147 ensem
194 1094 281 1164 atque
303 1086 449 1167 insignem
473 1087 583 1166 galeam
607 1089 713 1149 solacia
736 1089 822 1149 victo.

60 1188 119 1231 nee
141 1188 240 1245 mora,
262 1171 406 1232 continuo
429 1172 517 1233 vastis
539 1189 606 1233 eum
628 1173 739 1234 viribus
761 1176 846 1236 effert

59 1273 113 1316 ora
135 1255 227 1317 Dares
248 1273 417 1335 magnoque
437 1257 533 1317 virum
556 1276 587 1318 se
610 1275 761 1319 murmure
784 1259 875 1334 tollit,

57 1341 141 1403 solus
163 1340 213 1419 qui
235 1341 371 1402 Paridem
392 1341 496 1403 solitus
517 1341 699 1404 contendere
721 1355 824 1405 contra

59 1425 200 1504 idemque
221 1425 257 1487 ad
279 1427 442 1501 tumulum,
466 1445 526 1506 quo
549 1428 692 1488 maximus
715 1429 839 1490 occubat
862 1431 988 1508 Hector,
1042 1428 1045 1432 ’

58 1512 202 1572 uictorem
224 1511 322 1572 Buten
345 1511 467 1573 immani
489 1530 631 1591 corpore,
656 1513 705 1591 qui
728 1533 760 1575 se

58 1595 204 1675 Bebrycia
225 1596 347 1657 veniens
368 1597 470 1676 Amyci
493 1596 529 1657 de
551 1605 639 1676 gente
662 1597 789 1665 serebat,

59 1680 187 1760 perculit
210 1688 239 1742 et
260 1681 338 1742 fulva
361 1680 573 1742 moribundum
596 1683 728 1743 extendit
749 1683 869 1743 harena.

60 1766 126 1826 talis
149 1765 242 1845 prima
265 1766 357 1827 Dares
379 1775 468 1847 caput
489 1767 580 1828 altum
601 1767 631 1826 in
655 1768 766 1846 proelia
789 1769 864 1828 tollit

60 1851 251 1930 ostenditque
273 1869 393 1914 umeros
414 1853 489 1913 latos
512 1851 684 1930 alternaque
706 1853 793 1913 iactat

58 1935 198 1996 bracchia
219 1937 405 2015 protendens
427 1945 456 1998 et
476 1936 612 1998 verberat
632 1935 741 1998 ictibus
763 1956 857 1999 auras.

59 2020 214 2098 quaeritur
235 2021 304 2082 huic
327 2021 415 2096 alius,
439 2041 495 2083 neo
517 2023 672 2104 quisquam
696 2041 732 2083 ex
755 2023 870 2102 agmine
893 2032 975 2086 tanto

58 2106 149 2166 audet
169 2106 249 2166 adire
270 2106 366 2167 virum
388 2107 584 2186 manibusque
606 2107 748 2169 inducere
771 2118 894 2170 caestus.

59 2208 132 2269 ergo
156 2191 259 2252 alacris
282 2200 467 2270 cunctosque
489 2201 599 2272 putans
622 2192 764 2254 excedere
786 2194 882 2272 palma

58 2276 178 2337 Aeneae
200 2276 280 2337 stetit
302 2285 369 2337 ante
391 2277 482 2356 pedes
504 2296 560 2338 nec
582 2277 667 2357 plura
689 2287 821 2338 moratus

58 2370 121 2422 tum
145 2360 225 2421 laeva
246 2369 364 2422 taurum
387 2379 483 2423 cornu
504 2370 587 2423 tenet
608 2371 696 2441 atque
718 2363 757 2423 ita
779 2364 873 2423 fatur:

54 2442 140 2506 ‘nate
163 2446 232 2518 dea,
255 2447 279 2507 si
303 2463 391 2508 nemo
414 2447 502 2508 audet
523 2465 555 2508 se
579 2448 699 2508 credere
721 2465 855 2526 pugnae,

60 2549 137 2609 quae
160 2531 228 2592 finis
249 2527 367 2592 standi?
390 2550 449 2610 quo
472 2550 518 2592 me
540 2533 626 2593 decet
647 2551 742 2611 usque
764 2530 883 2593 teneri?

59 2617 169 2677 ducere
192 2615 269 2677 dona
290 2611 379 2677 iube?
425 2617 526 2678 cuncti
548 2616 635 2678 simul
657 2635 708 2677 ore
731 2617 897 2679 fremebant

61 2700 244 2762 Dnralauidae
267 2701 409 2779 reddique
430 2702 494 2762 viro
516 2701 660 2780 promissa
682 2702 833 2763 iubebant.

145 2784 201 2845 Hie
223 2786 319 2865 gravis
341 2785 491 2847 Entellum
514 2786 599 2848 dietis
620 2786 742 2865 castigat
762 2787 899 2861 Acestes,

56 2870 213 2974 proximus
235 2871 432 2932 utsviridante
454 2880 520 2932 toro
544 2873 718 2933 consederat
740 2871 860 2932 herbae:

70 2955 205 3027 Entelle,
228 2956 352 3017 heroum
376 2957 525 3035 quondam
547 2957 705 3018 fortissime
727 2958 851 3030 frustra,

58 3049 183 3103 tautane
205 3049 263 3101 tam
285 3041 403 3121 patiens
426 3042 509 3102 nullo
532 3042 693 3103 certamine
715 3041 778 3102 tolli

59 3126 137 3187 dona
160 3122 264 3188 sines?
307 3125 358 3186 ubi
381 3144 462 3188 nunc
486 3126 573 3188 nobis
595 3127 668 3187 deus
691 3127 739 3187 iile
762 3126 900 3204 magister

59 3211 242 3290 nequiquam
263 3220 443 3273 memoratus
465 3209 565 3291 Eryx?
587 3211 639 3272 ubi
661 3211 737 3272 tama
759 3229 813 3289 per
836 3229 953 3272 omnem

58 3296 243 3357 Trinacriam
267 3304 296 3358 et
317 3296 410 3376 spolia
433 3296 480 3356 illa
503 3296 561 3358 tuis
583 3295 742 3375 pendentia
765 3286 884 3358 tectisi'

59 3381 107 3442 ille
130 3381 187 3441 sub
209 3381 297 3442 haec:
317 3375 392 3442 ‘non
414 3381 509 3443 laudis
529 3400 612 3442 amor
635 3399 691 3441 nec
713 3381 806 3460 gloria
828 3380 916 3442 cessit

57 3467 143 3547 pulsa
166 3474 265 3539 metu;
288 3467 338 3528 sed
361 3466 440 3526 onim
463 3466 576 3544 gelidus
598 3466 732 3528 tardante
754 3474 873 3528 senecta

57 3551 180 3630 sanguis
201 3550 292 3612 hebet
312 3550 482 3630 frigentque
504 3552 609 3612 effetae
632 3551 661 3611 in
687 3570 813 3630 corpore
834 3551 920 3611 vires.

56 3636 83 3698 si
106 3636 193 3710 mihi,
216 3653 292 3715 quae
315 3636 463 3715 quondam
486 3637 583 3698 iuerat
604 3654 722 3714 quaque
745 3635 897 3716 improbus
919 3633 974 3694 iste

57 3721 187 3783 exsultat
208 3721 320 3796 fidens,
342 3721 367 3782 si
390 3740 471 3783 nuno
494 3723 570 3782 foret
591 3721 640 3782 illa
663 3720 810 3793 iuventas,

55 3838 262 3850 ..-—.—.-.

146 3904 197 3957 359
215 3910 288 3956 artae
304 3903 398 3957 When
427 3909 514 3956 artem
532 3903 678 3975 PRyRibb.
707 3907 767 3955 orta
785 3917 811 3954 m
875 3899 1135 3954 tantumdemst.
