2286 4394
286 229 447 284 anundus
464 229 526 290 ΠΒ.
541 230 572 287 X.

38 422 65 463 m
90 420 147 463 nec
168 403 247 464 ferre
268 402 347 465 videt
368 422 421 465 sua
442 404 548 484 gaudia
568 413 682 468 ventos.

38 497 65 549 te
87 487 160 548 ratis
182 487 252 549 celsi
273 488 434 550 coniuncta
455 488 608 570 crepidine
630 491 690 552 saxi

53 571 150 634 stabat
170 572 256 634 scalis
278 581 309 634 et
328 583 421 654 ponte
442 582 562 654 parato,

45 656 173 720 Clusinis
195 657 333 720 advectus
356 657 476 722 Osinius
497 659 567 721 oris.

58 742 173 822 trepida
196 743 313 804 Aeneae
334 743 475 822 fugientis
496 743 592 822 image

38 848 53 888 n
77 827 219 900 latebras,
243 846 299 889 nec
321 827 442 890 Turnus
464 828 584 908 segnior
605 829 695 892 instat

38 921 108 991 tque
128 931 228 974 moras
250 922 280 974 ct
300 913 402 993 pcntis
423 913 550 976 transilit
570 914 654 976 altos.

38 1016 79 1059 am
102 998 253 1077 attigerat,
274 998 388 1078 rumpit
408 998 546 1060 Saturnia
568 1000 670 1061 funem

38 1102 77 1144 ue
99 1082 176 1163 rapit
197 1081 328 1144 revoluta
349 1101 553 1164 peraequum
577 1103 690 1146 navem.

38 1188 47 1229 s
69 1168 148 1229 haud
170 1167 246 1228 ultra
268 1167 394 1230 latebras
416 1167 473 1229 iam
496 1169 611 1248 quaerit
632 1171 743 1250 imago,

38 1255 91 1313 ime
112 1251 216 1314 voians
237 1251 311 1314 nubi
333 1271 365 1314 sc
386 1253 546 1315 immiscuit
567 1263 656 1316 atrae.

37 1347 93 1398 tem
116 1338 231 1398 Aeneas
252 1337 405 1399 absentem
427 1339 458 1400 in
481 1338 594 1418 praelia
615 1340 727 1420 poscit,

37 1423 88 1484 rita
111 1422 205 1483 virum
227 1420 354 1484 demittit
375 1441 501 1503 corpora
522 1425 626 1500 murti,

37 1525 118 1569 uum
140 1506 239 1568 medic
260 1507 374 1569 interea
396 1508 454 1570 iert
475 1527 604 1588 aequore
626 1510 725 1571 turbo.

37 1592 108 1672 picit
129 1592 251 1671 ignarus
271 1610 372 1654 rerum
394 1593 586 1673 ingratusque
607 1594 710 1657 salutis

37 1677 69 1738 :is
91 1695 158 1738 cum
179 1695 252 1739 voce
273 1694 380 1739 manus
401 1677 437 1739 ad
458 1678 554 1740 sidera
576 1679 685 1740 tendit:

38 1780 92 1823 ens
113 1762 247 1841 genitor,
269 1769 373 1824 tanton
397 1781 445 1824 me
468 1763 592 1825 erimine
613 1764 735 1844 dignum

38 1856 50 1907 t
71 1847 137 1908 talis
158 1847 274 1910 voluisti
296 1847 464 1927 expendere
486 1847 620 1928 poenas?

37 1930 77 1992 ri
104 1932 185 1996 unde
207 1930 286 1993 abiit
314 1950 389 2011 quae
410 1952 459 1994 me
480 1936 548 2012 iuga
571 1952 695 2014 quemve
717 1932 853 1997 reducit?
920 1945 965 1996 utu

37 2036 88 2079 sne
110 2017 216 2078 iterum
240 2035 341 2079 murus
363 2028 414 2079 aut
435 2027 528 2080 castra
549 2017 675 2080 videbo?

37 2122 90 2164 nus
112 2101 293 2175 ilduinum,
315 2101 366 2181 qui
388 2121 436 2163 me
457 2122 582 2184 meaque
604 2122 685 2165 arma
707 2101 822 2166 secuti?

37 2188 138 2266 [neias)
160 2187 258 2250 crnnis
279 2187 398 2249 infanda
421 2188 451 2250 in
474 2197 571 2251 morte
592 2189 697 2269 reliqui

48 2272 174 2352 palantis
194 2273 279 2335 video
299 2273 502 2354 gemitumque
525 2274 681 2336 cadentum

58 2357 127 2436 quid
149 2355 228 2437 ago?
254 2365 306 2420 aut
327 2376 402 2436 qnae
425 2358 481 2420 iam
503 2360 573 2421 satis
595 2359 652 2420 ima
674 2359 805 2421 dehiscat

37 2440 86 2503 hi?
113 2461 166 2505 vus
188 2462 206 2504 u
228 2443 327 2523 potius
348 2444 544 2518 miserescite,
566 2445 662 2520 venti3

44 2575 52 2598 ,
76 2528 106 2588 in
129 2546 194 2589 saxa
217 2528 331 2602 (volens
352 2547 404 2591 vos
425 2527 546 2592 Turnus
566 2530 670 2607 aduro)

37 2631 81 2673 cm
104 2613 256 2692 saevisque
276 2612 357 2675 vadis
377 2613 523 2676 immittite
545 2614 647 2695 syrtis,

37 2717 74 2758 ue
95 2716 144 2760 me
165 2698 266 2760 Rutuli
288 2717 345 2759 nec
368 2699 485 2761 conscia
507 2702 582 2761 fama
604 2693 775 2779 sequaturl'

36 2800 154 2844 morans
175 2783 275 2845 animo
298 2802 380 2845 nunc
401 2785 475 2859 huc,
499 2803 581 2845 nunc
602 2786 725 2846 fluctuat
747 2782 831 2857 illuc,

39 2886 184 2930 mucrone
206 2868 244 2930 cb
266 2876 382 2930 tanturn
403 2868 532 2931 dedecus
553 2887 655 2931 amens

37 2961 47 3012 t
68 2954 192 3014 crudum
214 2971 269 3032 per
289 2961 386 3016 costas
407 2953 504 3032 exigat
524 2972 641 3029 ensem,

54 3056 92 3099 an
114 3038 200 3099 iaciat
220 3037 325 3100 mediis
347 3047 377 3100 et
397 3038 482 3100 litura
504 3040 604 3100 nando

36 3130 84 3184 atat
104 3122 313 3203 Teucrumque
335 3124 443 3185 iterum
464 3143 496 3186 se
519 3125 622 3186 reddat
643 3124 674 3184 in
697 3142 786 3185 arma.

39 3216 86 3270 tus
107 3216 264 3287 utramque
286 3208 376 3281 riam,
399 3217 444 3270 ter
465 3210 589 3271 maxima
612 3208 687 3270 luno
922 3218 968 3270 68⁵

36 3311 41 3352 ;
62 3293 260 3373 iuvenemque
282 3294 372 3355 animi
393 3294 531 3356 miserata
552 3295 701 3375 repressit

36 3378 79 3438 ita
101 3396 205 3440 secans
227 3379 379 3458 fluctuque
400 3387 543 3459 aestuque
566 3379 696 3441 secundo

57 3463 208 3542 antiquam
230 3463 326 3525 Dauni
348 3465 481 3525 defertur
501 3465 536 3525 ad
559 3464 675 3525 urbem.

47 3628 95 3680 ille
111 3626 190 3709 1³qu
257 3631 365 3681 Aenean
382 3628 450 3690 P¹R3
473 3630 506 3684 cs.
524 3628 641 3682 Urbanus
663 3645 702 3746 ap.
721 3627 792 3682 Serv.
889 3625 967 3685 6682

36 3695 151 3759 Brunck3
170 3713 207 3749 src
219 3697 276 3752 cod.
289 3697 414 3752 Paniet
426 3699 448 3750 3.
519 3700 568 3751 668
587 3702 662 3748 tantu
694 3695 747 3767 μ’
814 3698 864 3749 670
883 3710 969 3761 quoue

35 3767 50 3818 3
69 3781 169 3831 quesne
186 3764 330 3822 chidens.
343 3766 426 3832 Asper
438 3782 478 3832 ap.
492 3764 611 3884 Serulpi.
647 3780 764 3831 quosque
775 3762 835 3815 M¹R
870 3778 967 3829 quocum

42 3835 93 3885 674
108 3833 240 3899 pallentes
256 3834 295 3886 Μι
381 3837 431 3888 675
449 3835 505 3898 aut]
525 3833 606 3884 et¹
689 3833 736 3885 681
756 3834 880 3883 mucroni
897 3829 965 3888 P¹R·,

36 3904 64 3954 at
86 3903 159 3965 1888,
179 3905 218 3954 10.
