2286 4394
527 917 638 1015 Vll.
731 1008 733 1013 .

85 1103 184 1154 Aeneas
202 1101 288 1154 Caieta
307 1100 396 1152 relicta
414 1099 526 1152 Circeios
545 1105 736 1168 praetervectos
753 1100 869 1155 'l'lberltn
888 1104 975 1161 intrat.
1009 1106 1096 1158 ¹--tte

50 1169 122 1222 Musa
140 1170 258 1221 invocata
277 1168 414 1235 exponitur
430 1169 499 1234 regis
516 1168 599 1221 latim
617 1171 690 1237 oripo
708 1169 809 1234 domus,
826 1185 886 1224 sora
903 1187 972 1240 spes
1036 1159 1094 1229 toti

50 1237 153 1289 'l'roiaoi
171 1236 297 1302 portentis
315 1237 376 1288 laeti
394 1251 488 1290 novam
506 1237 615 1303 patriam
634 1237 687 1292 lato
699 1239 854 1306 promissam
866 1246 1016 1307 agnoscunt
1038 1240 1097 1311 titt

49 1304 172 1372 postridie
190 1303 295 1355 Latinus
313 1304 406 1371 legatis
423 1305 450 1356 in
467 1304 539 1371 regia
557 1304 677 1358 Laurenti
695 1306 802 1377 comiter
819 1308 937 1376 acceptis
1036 1312 1101 1365 tllz

101 1372 201 1424 densae
219 1376 246 1423 et
263 1371 420 1425 domicilium
439 1371 557 1425 concedit
575 1376 602 1425 et
618 1371 689 1426 flllae
706 1372 897 1428 oratrlmolrldtn
918 1376 1000 1431 oli‘ert
1036 1362 1100 1433 til-²

48 1523 118 1576 lianc
136 1538 224 1589 pacem
243 1528 272 1575 ot
289 1524 430 1590 perturbet,
447 1523 553 1577 lunonis
571 1522 638 1577 dolis
656 1528 764 1578 evocata
781 1524 885 1579 Allecto
904 1527 970 1581 lotia
1038 1492 1105 1585 titi}

99 1592 216 1642 Amatam
234 1592 349 1657 reginam
367 1592 462 1644 iniecto
480 1591 566 1645 lurore
583 1591 689 1645 deducit
705 1592 738 1646 de
756 1595 887 1647 sententia
906 1596 1000 1663 mariti,
1039 1587 1110 1675 soti

100 1657 212 1711 Turnum
224 1660 344 1712 Lauiniae
363 1666 437 1712 antea
457 1676 580 1740 sponsum
597 1659 629 1712 ad
642 1660 755 1715 stadium
773 1661 888 1716 bellandi
906 1665 1011 1731 acitat,
1040 1668 1109 1725 ttle

100 1727 154 1781 lulo
171 1728 275 1780 venanti
294 1743 397 1780 cerrum
416 1725 513 1780 Silviae
531 1727 619 1793 obicit,
637 1732 665 1781 ut
682 1743 724 1782 res
742 1728 773 1782 ad
791 1744 884 1783 manas
902 1732 999 1786 veniat.
1040 1735 1112 1805 stag

47 1796 110 1848 luno
128 1797 184 1863 ipsa
202 1797 296 1848 iustam
315 1795 410 1848 bellom
429 1795 542 1848 conllare
560 1795 695 1848 constitnit
712 1796 817 1851 dimissa
834 1798 973 1853 Allectone
1041 1804 1114 1873 ott}

100 1863 240 1932 efficitque,
258 1869 287 1916 ut
304 1863 449 1930 refragante
466 1863 557 1916 Latino
576 1878 644 1916 arma
663 1869 784 1932 parentur
800 1866 999 1925 studiosissime.
1041 1872 1112 1924 otte

82 2017 115 2070 Et
133 2018 276 2086 suscipiunt
293 2016 389 2068 bellum
408 2014 527 2082 permulti
544 2028 602 2067 com
620 2016 725 2083 regibus
742 2016 930 2082 potentissimis
985 2021 1055 2089 puli:
1100 1975 1121 2082 Ξ

48 2082 1118 2270 tt⁸,⁸²stttr'attslrttrlittettrtlrrtltttrlt*titt

48 2222 162 2289 itemque
181 2220 212 2272 ab
231 2221 329 2272 oriente
347 2220 403 2272 sole
421 2226 447 2272 et
465 2234 543 2287 procu
572 2220 656 2272 exorti
674 2219 757 2288 Aequi
775 2226 855 2289 atque
873 2221 951 2276 Marsi
1042 2203 1121 2297 tao}

151 2292 177 2341 et
195 2303 226 2340 ex
245 2288 308 2355 ipsis
327 2287 479 2340 Rutulorum
497 2286 592 2339 tinibus
611 2286 716 2340 Virbius
733 2287 836 2341 Turnus
854 2288 970 2345 Camilla.
1104 2301 1120 2373 Ξ

508 2443 659 2451 ...-

133 2578 177 2639 Tu
202 2596 321 2657 quoque
343 2578 479 2640 litoribus
502 2578 626 2652 nostris,
649 2577 758 2639 Aeneia
781 2579 898 2655 nutrix,

45 2674 198 2726 aeternam
221 2663 353 2725 moriens
375 2663 498 2738 lamam,
521 2662 634 2736 Caieta,
657 2662 762 2724 dedisti

47 2757 78 2810 et
101 2768 182 2811 nunc
204 2757 299 2811 servat
321 2749 418 2810 honos
439 2749 537 2809 sedem
561 2758 630 2808 tuus
652 2765 776 2825 ossaque
799 2766 910 2810 nomen

49 2835 190 2916 Hesperia
213 2836 243 2896 in
267 2853 386 2915 magna,
409 2834 434 2895 si
458 2852 515 2913 qua
538 2842 583 2894 est
605 2849 638 2893 ea
660 2831 769 2912 gloria,
792 2832 922 2913 signant
980 2836 984 2843 '

43 2929 78 2982 at
99 2922 166 3000 pius
189 2921 335 2999 exsequiis
357 2922 471 2981 Aeneas
492 2919 549 2980 rite
570 2917 688 2991 solutis,
1112 2935 1127 2982 5

44 3023 154 3084 aggere
176 3005 339 3086 composito
362 3004 484 3079 tumuli,
507 3013 663 3084 postquam
686 3001 742 3063 alta
764 3002 907 3081 quierunt

48 3108 193 3169 aequora,
217 3090 313 3152 tendit
333 3092 391 3152 iter
411 3089 482 3151 velis
504 3099 683 3170 portumque
705 3086 856 3167 relinquit.

47 3176 202 3255 adspirant
223 3194 312 3237 aurae
334 3176 365 3236 in
389 3183 507 3236 noctem
531 3194 587 3237 nec
609 3172 732 3236 candido
755 3190 861 3236 cursus

49 3264 118 3324 luna
141 3272 245 3342 negat,
268 3260 404 3341 splendet
425 3260 553 3322 tremulo
576 3259 631 3322 sub
654 3258 766 3322 lumine
787 3268 908 3339 pontus.

49 3347 181 3428 proxima
204 3346 339 3408 Circaeae
361 3344 508 3406 raduntur
529 3345 614 3407 litora
635 3354 748 3421 tarrae,
1097 3355 1127 3406 to

49 3434 128 3495 dives
150 3433 316 3492 inaccessos
338 3428 389 3490 ubi
412 3429 489 3491 Solis
511 3429 570 3491 illia
591 3431 675 3493 lucos

49 3519 169 3581 adsiduo
192 3526 311 3578 resonat
334 3524 422 3577 cantu
445 3516 590 3594 tectisque
612 3514 748 3595 superbis

134 3704 149 3754 3
166 3704 259 3766 signat
275 3705 301 3751 et
319 3703 336 3750 4
352 3706 460 3752 aarooat
476 3715 522 3768 pro
533 3703 624 3750 emeat
641 3703 667 3750 et
678 3701 789 3763 signant
801 3695 868 3748 coni.
882 3695 987 3764 Scltap.⁶
1000 3697 1125 3765 laianu

49 3766 82 3818 cl.
100 3767 132 3819 Vl
151 3770 232 3821 234⁸.
327 3769 472 3833 triguant
487 3765 594 3835 MPy¹rr‚
613 3764 664 3819 del.
678 3765 779 3819 Scnrot.
800 3765 877 3829 1⁸85,
889 3766 929 3816 to.
964 3767 1057 3831 agnat
1075 3770 1124 3820 cet.

48 3833 113 3885 libri.
202 3838 381 3899 iportusque
398 3833 435 3904 Py
