2286 4394
335 175 338 182 ¹
412 109 573 164 truncos
591 110 650 164 uu.
668 109 710 164 ru.

81 284 192 344 uhenm
210 285 283 346 hanc
306 302 360 345 oro
383 284 495 346 reniam
519 281 672 366 (miserere
694 279 834 365 sororis),

80 380 137 443 pan
152 369 209 429 mhi
230 386 295 431 oum
319 369 447 444 dederit,
470 368 646 430 cumulatam
668 377 763 430 morte
784 366 955 430 remittam'

133 452 230 517 lalihus
252 454 371 529 orabat,
394 454 518 533 talisque
542 453 707 514 miserrima
729 454 814 515 lletus

74 533 151 616 lertque
169 541 314 619 refertque
336 558 429 602 soror.
473 539 524 600 sed
548 539 636 600 nullis
657 539 706 600 ille
728 548 862 601 movetur

71 619 151 687 letibus
168 636 215 686 aut
236 643 323 686 voces
345 625 419 686 ullas
441 624 601 686 tractabilis
624 624 719 697 audit;

68 706 105 768 lata
120 710 225 772 ohstant
245 709 435 790 placidasque
456 709 510 770 viri
531 708 604 770 deus
626 708 753 771 obstruit
774 709 862 771 auris.

65 809 87 853 ac
101 796 162 858 relut
182 813 297 857 annoso
319 795 441 856 validam
464 813 532 856 cum
554 794 663 855 robore
686 812 828 872 quercum

63 877 131 959 llpini
149 882 260 942 Boreae
283 899 364 941 nunc
386 881 456 941 hinc
479 897 559 941 nunc
581 879 700 940 llatihus
722 879 802 939 illinc

63 980 137 1026 eruere
157 967 234 1027 inter
258 983 290 1026 se
313 973 441 1040 certant;
463 966 486 1025 it
507 964 615 1026 stridor
638 973 667 1025 et
689 964 763 1024 altae

61 1059 225 1113 musternunt
247 1059 355 1111 terram
377 1068 524 1112 concusso
548 1048 645 1128 stipite
669 1049 805 1123 lrondes;

59 1131 100 1212 ipsa
116 1137 214 1198 haeret
235 1135 364 1215 scopulis
386 1143 430 1211 et,
452 1142 595 1214 quantum
616 1133 725 1195 vertice
748 1135 783 1194 ad
806 1153 891 1196 auras

59 1221 185 1296 aetherias,
208 1228 325 1281 tantum
346 1219 444 1282 radice
466 1220 497 1280 in
520 1219 642 1280 Tartara
664 1219 772 1280 tendit:

58 1301 112 1366 haud
130 1325 214 1368 secus
237 1305 365 1368 adsiduis
387 1306 457 1367 hinc
479 1313 568 1383 atquc
589 1304 660 1366 hinc
681 1304 803 1367 vocibus
825 1307 913 1366 heros

57 1392 162 1453 orditur
185 1400 214 1453 et
236 1409 344 1470 magno
367 1391 512 1470 persentit
533 1398 654 1469 pectore
677 1407 777 1464 curas3

57 1489 118 1538 nens
135 1478 258 1538 immota
280 1483 395 1550 manet,
418 1475 555 1536 lacrimae
577 1474 735 1536 volvuntur
757 1476 869 1537 inanes.

118 1563 190 1624 Tum
212 1579 283 1622 vero
305 1560 407 1622 infelix
429 1561 495 1622 latis
518 1559 654 1621 exterrita
678 1558 751 1620 Dido

57 1639 153 1707 llortem
177 1655 256 1722 orat3
279 1646 375 1707 taedet
398 1646 469 1707 caeli
491 1662 621 1707 convexa
644 1645 729 1706 tueri.

59 1743 98 1804 quo
115 1733 204 1812 magis
226 1731 378 1810 inceptum
401 1740 523 1810 peragat
544 1731 699 1809 lucemque
722 1730 885 1807 relinquat,

57 1812 119 1890 uidit,
139 1817 306 1878 turicremis
329 1833 395 1876 cum
418 1815 496 1877 dona
518 1817 686 1894 imponeret
707 1815 781 1889 aris,

58 1893 227 1976 (horrendum
250 1896 342 1982 dictu)
366 1901 465 1963 latices
487 1902 656 1980 nigrescere
678 1917 778 1960 saeros

56 1980 155 2066 luraque
177 1987 208 2048 in
232 1986 395 2048 obscenum
417 2006 448 2048 se
470 1995 584 2047 vertere
606 1986 673 2045 uina
697 2002 842 2045 cruorem.

58 2063 97 2130 hoc
114 2073 204 2134 risum
227 2071 316 2145 nulli,
338 2090 400 2133 non
423 2071 479 2151 ipsi
502 2071 587 2131 ellata
609 2069 714 2132 sorori.

57 2165 186 2228 praeterea
207 2157 264 2218 fuit
285 2157 314 2217 in
337 2155 423 2217 tectis
444 2156 481 2216 de
503 2172 649 2216 marmore
670 2153 813 2235 templum

57 2241 169 2321 coniugis
190 2241 322 2321 antiqui,
345 2241 420 2301 miro
443 2241 521 2320 quod
544 2241 659 2302 honore
681 2238 809 2314 colebat,

57 2324 189 2388 veteribus
212 2327 305 2388 niveis
327 2335 356 2386 et
377 2327 449 2387 lesta
471 2327 576 2387 fronde
599 2326 779 2386 revinctum:

10 2468 12 2477 .
58 2403 111 2470 hinc
129 2411 257 2474 exaudiri
279 2430 367 2472 voces
389 2419 419 2471 et
439 2411 527 2472 verba
548 2410 680 2472 vocantis

10 2484 12 2555 1
59 2491 102 2554 visa
119 2496 185 2571 riri,
213 2515 274 2557 nox
296 2515 364 2558 cnm
386 2505 479 2557 terras
503 2495 628 2557 obscura
651 2503 782 2569 teneret3

59 2577 156 2660 solaque
177 2580 357 2644 culminibus
378 2581 461 2642 ferali
483 2581 615 2642 carmine
636 2579 717 2640 huho

58 2677 124 2743 saepe
144 2668 228 2747 queri
252 2675 281 2727 ct
301 2667 405 2745 longas
427 2666 457 2726 in
480 2668 582 2727 lletum
605 2667 713 2727 ducere
734 2682 831 2725 voces.

59 2749 186 2830 multaque
206 2760 360 2831 praeterea
382 2760 479 2812 uatum
502 2750 649 2830 praedicta
671 2751 788 2830 piorum

59 2834 158 2924 terribili
179 2837 296 2898 monitu
316 2836 499 2897 horrificant.
544 2836 605 2913 agit
626 2837 688 2915 lpse
710 2835 858 2895 furentem
1064 2837 1108 2888 466

59 2932 81 2974 tn
99 2923 201 2983 somnis
224 2923 305 2982 lerus
327 2922 456 2994 heneas3
478 2939 654 3001 semperque
676 2919 805 2998 relinqui

58 3002 104 3092 ¹sula
122 3007 189 3081 sihi,
213 3024 330 3085 semper
350 3007 471 3086 longam
493 3006 662 3067 incomitata
683 3005 798 3068 videtur

58 3092 176 3152 neriam
199 3100 229 3151 ct
250 3091 355 3170 Tyrios
377 3091 492 3152 deserta
515 3109 656 3170 quaerere
678 3099 766 3151 terra.

57 3165 235 3238 Eumenidum
257 3176 346 3237 veluti
369 3176 491 3238 demens
512 3176 590 3238 videt
612 3176 729 3254 agmina
752 3175 901 3236 Pentheus

123 3329 171 3380 436
190 3343 239 3378 ora
256 3326 317 3380 Led.
412 3329 462 3379 436
481 3325 584 3376 dedero
604 3325 706 3396 y²ahcer
719 3321 808 3392 ‘qnam
827 3324 962 3376 lectionem
981 3317 1065 3370 Tucca
1084 3321 1111 3397 et

55 3386 130 3446 larius
142 3386 259 3468 prohapt'
273 3393 344 3446 Serv.
381 3395 516 3446 cumulata
528 3391 554 3443 lll
566 3393 598 3446 cl.
612 3392 682 3446 Serv.
696 3395 867 3456 (cumularet)
900 3392 988 3441 monte
1000 3401 1032 3437 ex
1044 3401 1111 3438 conr.

52 3455 113 3514 Rihh.
148 3469 174 3514 et
191 3468 278 3514 morte
290 3462 357 3515 llern
375 3462 438 3515 GPr.
451 3461 623 3515 Schweinlnrt
641 3464 716 3524 1881,
730 3463 770 3514 29.
806 3463 858 3510 rite
875 3458 949 3509 naor.
964 3456 1039 3518 1881,
1052 3454 1110 3505 818.

52 3532 203 3583 cumulatum
220 3531 263 3583 rel
280 3547 339 3581 eum
356 3531 440 3582 multo
458 3546 566 3581 munere
584 3533 689 3581 mittam
707 3528 747 3581 lll.
766 3527 831 3579 ZoG.
848 3528 921 3589 1881,
935 3525 992 3578 688.
1032 3519 1110 3572 verbu

50 3612 107 3652 nrm.
125 3640 131 3653 .
148 3637 156 3653 .
174 3615 240 3652 rena,
264 3598 348 3650 damu.
366 3597 463 3650 Branrlt
480 3597 561 3651 ZGW.
582 3600 655 3662 1814,
679 3599 720 3658 86,
743 3602 824 3647 totum
842 3607 908 3645 vers.
927 3589 1111 3669 Golsr.‚·43518

47 3662 138 3720 Peerllc
210 3670 260 3721 439
278 3668 353 3718 haud
369 3665 483 3731 notul,
500 3665 575 3717 Rihh.
644 3667 695 3717 446
711 3665 830 3715 radicem
842 3658 1041 3738 hlP¹ya²Sqrvri
1055 3658 1111 3711 cod.

48 3737 192 3804 complures.
262 3739 312 3789 469
324 3733 403 3800 festa]
415 3739 516 3785 maesta
533 3749 606 3801 prop.
619 3733 658 3784 lll.
728 3734 778 3784 464
794 3733 918 3798 priorum
935 3727 994 3779 libn
1012 3732 1113 3795 praeter

46 3799 124 3871 thct.
144 3804 241 3869 Serv.);
259 3803 318 3855 Lad.
388 3805 438 3855 469
457 3801 610 3853 Echionium
628 3799 727 3867 Tyrrell
746 3799 805 3851 Eur.
823 3797 916 3850 Bacch.
935 3799 992 3850 918.
