2286 4394
461 111 621 164 thamnus
639 112 699 169 ΗΒ.
716 113 757 168 Xl.

10 274 128 347 Νη
146 284 202 346 tihi
224 285 358 346 desertae
379 284 410 345 in
433 283 529 346 dumis
550 283 676 346 coluisse
697 285 820 346 Dianam

10 358 182 431 bromii
202 379 254 432 aut
275 378 392 432 nostras
413 387 517 430 umero
539 369 664 448 gessisse
685 371 813 449 sagittas.

10 442 132 519 ‚non
153 464 253 516 tamen
277 454 448 516 indecorem
469 463 519 515 tua
541 464 570 515 te
593 455 695 535 regina
716 455 836 534 reliquit
1099 473 1120 525 a

10 530 201 602 §xtrema
221 541 279 601 iam
303 541 334 601 in
356 549 467 612 morte,
490 557 588 618 neque
610 541 667 601 hoc
689 541 753 601 sine
776 541 897 603 nomine
919 542 1009 606 letum

16 614 125 689 1³⁶1
144 625 244 705 gentis
266 625 322 687 erit
342 634 394 686 aut
415 626 521 686 lamam
543 624 664 703 patieris
686 624 805 687 inultae.

32 702 139 770 mm
162 710 343 790 quicumque
363 719 448 771 tuum
469 708 585 771 violavit
605 710 725 770 volnere
747 729 871 790 corpus,

10 854 13 859 .
45 792 167 856 morte
188 794 251 856 luet
271 785 393 856 merita.²
438 794 494 855 suit
516 794 622 873 iugens
643 804 745 855 moute
767 796 822 858 suh
845 796 902 858 alto

56 879 148 960 regis
169 880 321 941 Dercenni
341 889 462 941 terreno
485 898 521 940 en
543 897 650 958 aggere
672 879 792 941 hnstum

66 963 185 1044 antiqu
208 963 365 1026 Laurentis
386 982 537 1044 opacaque
558 964 625 1025 ilice
647 972 773 1042 tectnm;

69 1036 119 1110 hie
139 1050 195 1111 dea
215 1068 248 1111 se
270 1049 400 1129 primum
421 1048 523 1128 rapido
546 1049 745 1128 pulcherrima
767 1050 834 1112 nisu

11 1146 21 1161 “·
75 1130 145 1197 ahot
167 1143 197 1196 et
218 1136 377 1195 Arruntem
399 1132 514 1195 tumulo
536 1135 705 1213 speculatur
726 1135 763 1195 ah
783 1135 852 1197 alto.

10 1218 21 1235 ''
75 1225 102 1279 ut
121 1218 195 1281 vidit
216 1218 379 1298 fulgentem
401 1218 489 1280 armis
511 1237 545 1280 ac
566 1237 642 1280 vana
663 1227 841 1282 tumentem:

11 1346 17 1355 „
73 1294 147 1365 ‘cur'
172 1303 273 1383 inquit
289 1295 436 1366 ‘diversus
457 1301 543 1365 ahisl
564 1304 625 1364 huc
646 1304 739 1384 dirige
761 1324 910 1384 gressum

73 1384 128 1450 hnc
149 1389 283 1470 periture
305 1389 387 1462 veni,
410 1388 508 1469 capias
530 1397 563 1450 ut
584 1388 672 1468 digna
694 1389 830 1452 Camillae

10 1494 33 1517 ¹·
70 1473 210 1553 praemia.
254 1483 326 1536 tune
348 1473 437 1536 etiam
458 1474 524 1536 telis
546 1475 673 1535 moriere
695 1472 844 1536 Dianae?'

70 1556 143 1621 dixit
164 1568 194 1620 et
214 1568 313 1621 aurata
335 1558 485 1620 volucrem
507 1559 643 1621 Threissa
664 1560 798 1638 sagittam

69 1643 256 1724 deprompsit
276 1644 414 1724 pharetra
435 1662 590 1724 cornuque
612 1645 728 1706 insensa
752 1645 875 1706 tetendit

69 1738 99 1790 et
119 1727 205 1790 duxit
225 1729 331 1808 longe,
353 1729 450 1791 donec
471 1737 590 1791 curvata
613 1729 729 1791 coirent

67 1812 149 1875 inter
169 1831 202 1876 se
224 1813 318 1894 capita
340 1823 370 1876 et
391 1814 527 1876 manibus
549 1815 608 1876 iam
630 1824 765 1895 tangeret
786 1813 902 1893 aequis,

67 1898 151 1960 laeva
171 1898 265 1960 aciem
286 1899 372 1972 ferri,
395 1899 497 1961 dextra
520 1918 672 1979 nervoque
694 1899 842 1979 papillam.

65 1983 218 2063 extemplo
240 1983 290 2045 teli
310 1984 469 2046 stridorem
491 2003 637 2064 aurasque
658 1985 792 2046 sonantis

67 2068 163 2131 audiit
183 2086 243 2130 una
265 2072 380 2130 Arruns
402 2069 555 2148 haesitque
577 2071 607 2131 in
630 2072 756 2151 corpore
778 2070 900 2131 ferrum.

66 2153 154 2215 illum
176 2153 376 2233 exspirantem
397 2154 471 2216 socii
492 2165 581 2235 atque
604 2164 733 2216 extrema
755 2164 923 2234 gementem

67 2238 156 2301 ohliti
177 2237 280 2318 ignoto
303 2256 475 2319 camporum
498 2240 528 2300 in
551 2239 671 2319 pulvere
693 2240 849 2318 linquunt;

68 2323 145 2403 Opis
165 2323 202 2383 ad
224 2323 386 2385 aetherium
408 2324 510 2404 pinnis
531 2326 665 2386 aufertur
687 2324 855 2406 Olympum,

155 2407 254 2469 Prima
275 2409 352 2489 sugit
372 2409 491 2470 domina
512 2410 620 2471 amissa
641 2410 712 2472 levis
734 2410 779 2471 ala
801 2409 954 2482 Camillam

50 2493 181 2556 turbati
203 2493 323 2573 lugiunt
343 2492 461 2568 Rutuli,
484 2495 560 2573 lugit
580 2513 648 2556 acer
669 2495 788 2570 Atinas,

67 2578 244 2658 disiectique
266 2579 357 2640 duces
378 2579 561 2659 desolatique
582 2580 705 2659 manipli

66 2673 133 2726 tuta
155 2672 262 2744 petunt
283 2673 312 2724 et
334 2663 419 2743 equis
439 2665 534 2726 aversi
555 2665 591 2726 ad
613 2664 730 2726 moenia
752 2665 889 2725 tendunt.

69 2767 128 2811 nec
151 2748 306 2829 quisquam
328 2748 468 2811 instantis
490 2749 622 2811 Teucros
643 2750 794 2827 letumque
817 2747 940 2817 ferentis

66 2842 238 2897 sustentare
259 2833 334 2894 valet
355 2834 421 2897 telis
443 2843 493 2895 aut
514 2834 618 2896 sistere
640 2841 761 2907 contra,

67 2919 122 2981 sed
143 2919 226 2980 laxos
246 2919 382 2980 referunt
402 2919 513 2980 umeris
533 2917 744 2997 languentibus
765 2935 852 2978 arcus

67 3002 356 3083 quadrupedumque
378 3013 497 3083 putrem
519 3022 608 3065 cursu
631 3003 725 3083 quatit
745 3002 858 3082 ungula
879 3019 1026 3082 campum.
1101 3008 1130 3061 87

66 3087 196 3151 volvitur
217 3086 253 3149 ad
276 3106 378 3150 muros
400 3089 525 3168 caligine
546 3088 682 3150 turbidus
704 3097 767 3149 atra

68 3172 166 3253 pulvis
187 3181 217 3233 et
238 3192 254 3234 e
275 3173 404 3252 speculis
425 3192 583 3253 percussae
605 3184 726 3253 pectora
749 3182 858 3235 matres

67 3257 231 3319 femineum
253 3256 411 3319 clamorem
432 3258 468 3318 ad
490 3258 563 3319 caeli
585 3259 682 3320 sidera
702 3259 821 3320 tollunt.

68 3342 122 3422 qui
143 3360 234 3404 cursu
256 3351 357 3421 portas
378 3343 467 3422 primi
488 3343 631 3423 inrupere
652 3343 796 3424 patentis,

155 3509 208 3561 844
223 3510 338 3574 sagittae
351 3506 395 3573 htx
424 3511 571 3574 pharetrae
588 3513 637 3562 cet.
651 3510 669 3563 l.
739 3510 788 3562 845
806 3508 938 3573 relinquit
952 3503 983 3556 b¹
1016 3504 1143 3568 relinque

69 3575 90 3627 P
124 3574 182 3628 ¹h¹c
268 3578 318 3629 850
335 3577 465 3628 Perccnci
481 3577 568 3644 Bergk
585 3577 650 3631 Phil.
671 3579 746 3642 1859,
764 3578 821 3629 889.
908 3569 1063 3627 85288111ι

67 3592 124 3698 Sa
137 3641 288 3710 sugentem
305 3647 398 3708 αηιιίε]
418 3647 561 3697 laetantem
579 3648 676 3696 areimis
691 3644 729 3697 M¹
764 3646 918 3708 surgentem
935 3642 1032 3692 animis
1049 3636 1117 3689 Leid.

69 3714 120 3766 855
139 3713 232 3778 dungo
248 3712 307 3764 libri
325 3728 362 3779 pr.
378 3711 440 3773 crr²;
458 3713 533 3768 Rihb.
602 3715 650 3766 857
670 3716 742 3775 tune]
760 3728 794 3762 ne
812 3716 842 3762 tu
859 3709 899 3762 ltl.
915 3707 980 3761 ZdG.
995 3708 1069 3772 1881,
1088 3705 1137 3760 598

68 3780 156 3833 malim
173 3796 208 3832 uc
225 3785 255 3832 tu
271 3783 335 3832 iam.
416 3783 465 3834 875
484 3781 700 3849 quadripedoquo
718 3779 773 3831 F¹R
