2286 4394
137 211 176 270 14
498 212 526 267 P.
540 212 668 267 vnucttx
685 215 838 272 nunonis.

135 385 338 464 artificumque
361 405 466 448 manus
487 386 565 446 intra
587 405 619 448 se
641 406 824 467 operumque
847 390 979 454 laborem

134 470 272 545 miratur,
296 470 371 532 videt
393 471 493 533 lliacas
515 490 551 532 ex
573 472 677 534 ordine
700 491 815 552 pugnas

134 556 268 633 bellaque
291 556 347 616 iam
369 557 446 618 sama
467 566 562 618 totum
585 558 698 637 volgata
720 577 774 637 per
796 559 914 636 orbem,

133 642 248 702 Atridas
268 640 476 720 Priamumque
499 651 529 702 et
550 659 667 703 saevum
690 643 835 706 ambobus
855 645 1001 708 Achillen.

132 727 265 788 constitit
286 736 316 787 et
336 727 492 789 lacrimans
511 722 591 805 ‘quis
612 727 670 787 iam
693 720 793 802 locus‚'
818 730 916 808 inquit
934 727 1076 810 ‘Achate‚

133 830 208 891 quae
231 813 312 890 regio
335 813 366 873 in
389 812 477 875 terris
499 813 592 874 nostri
615 831 676 873 non
699 814 787 892 plena
809 813 941 878 laboris?

132 917 169 960 en
193 897 334 960 Priamus.
378 907 449 960 sunt
470 897 518 959 hic
540 897 627 958 etiam
649 917 701 959 sua
723 900 853 977 praemia
873 901 970 975 laudi,

132 992 202 1045 sunt
224 983 359 1045 lacrimae
382 1002 481 1044 rerum
504 991 534 1043 et
555 991 686 1044 mentem
709 985 841 1045 mortalia
863 994 999 1066 tangunt.

131 1070 211 1130 solve
233 1077 344 1142 metus;
366 1069 442 1129 feret
462 1068 536 1129 haec
557 1068 684 1146 aliquam
707 1068 760 1129 tihi
781 1071 858 1130 lama
879 1066 1023 1134 salutem.>

131 1155 173 1215 sie
195 1155 235 1215 ait
256 1164 344 1232 atque
365 1154 496 1214 animum
518 1152 634 1232 pictura
656 1153 749 1232 pascit
771 1154 853 1215 inani

131 1239 221 1301 multa
245 1257 366 1317 gemens
389 1238 530 1317 largoque
551 1246 680 1299 umectat
701 1238 823 1301 flumine
845 1241 965 1302 voltum.

132 1342 259 1402 namque
282 1322 410 1396 videbat,
434 1323 476 1384 uti
499 1322 642 1384 bellantes
665 1322 806 1402 Pergama
827 1325 938 1387 circum

131 1409 185 1469 hac
208 1410 347 1487 lugerent
368 1407 451 1481 Grai,
473 1416 621 1487 premeret
643 1407 771 1469 Troiana
793 1410 943 1486 iuventus,

130 1494 185 1553 hac
208 1493 355 1573 Phryges,
377 1494 501 1555 instaret
523 1511 613 1554 curru
635 1493 772 1556 cristatus
793 1494 929 1558 Achilles.

132 1597 186 1639 nec
208 1579 313 1658 procul
335 1579 405 1640 hinc
426 1578 515 1640 Rhesi
539 1578 630 1640 niveis
651 1579 779 1640 tentoria
801 1581 871 1642 velis

129 1663 283 1742 adgnoscit
303 1664 472 1736 lacrimans,
495 1663 591 1741 primo
614 1681 689 1741 quae
712 1664 826 1743 prodita
848 1685 954 1728 somno

130 1748 255 1829 Tydides
278 1750 368 1811 multa
390 1747 522 1810 vastabat
543 1750 631 1810 caede
654 1759 811 1824 cruentus,

129 1834 318 1914 ardentisque
340 1835 444 1895 avertit
465 1853 557 1913 equos
578 1834 608 1894 in
633 1841 742 1908 castra,
764 1836 847 1914 prius
869 1854 957 1915 quam

129 1920 237 1999 pabula
258 1927 426 2000 gustassent
447 1920 552 1981 Troiae
574 1918 783 1998 Xanthumque
805 1920 957 1983 bibissent.

128 2017 211 2084 parte
234 2006 288 2067 alia
311 2006 429 2085 lugiens
451 2005 564 2068 amissis
586 2004 703 2067 Troilus
725 2005 829 2080 armis,

129 2092 230 2154 infelix
252 2111 328 2171 puer
350 2101 438 2171 atque
461 2092 556 2171 impar
577 2109 755 2171 congressus
777 2090 896 2162 Achilli,

128 2179 222 2239 fertur
244 2178 327 2256 equis
350 2196 499 2256 curruque
522 2177 622 2237 haeret
645 2176 803 2254 resupinus
824 2176 922 2250 inani,

127 2264 189 2323 lora
212 2272 318 2322 tenens
339 2271 454 2335 tamen3
477 2262 545 2322 huic
568 2261 724 2338 cervixque
747 2278 907 2340 comaeque
929 2262 1092 2325 trahuntur

128 2365 182 2425 per
205 2357 312 2407 terram
337 2355 365 2405 et
387 2363 468 2406 versa
491 2344 587 2424 pulvis
608 2343 780 2404 inscribitur
803 2347 893 2407 hasta.

128 2432 239 2491 interea
263 2431 298 2491 ad
321 2429 464 2509 templum
487 2448 547 2489 non
571 2446 682 2506 aequae
705 2428 828 2492 Palladis
850 2432 932 2493 ibant

128 2515 260 2575 crinibus
282 2515 385 2575 lliades
407 2513 499 2594 passis
521 2514 701 2593 peplumque
724 2514 859 2576 ferebant

127 2600 299 2679 suppliciter
320 2600 419 2662 tristes
441 2606 471 2662 et
493 2608 597 2659 tunsae
619 2609 741 2676 pectora
764 2601 883 2678 palmis3

127 2686 188 2746 diva
212 2685 274 2746 solo
298 2686 370 2746 fixos
393 2686 495 2746 oculos
516 2701 615 2745 aversa
638 2682 766 2744 tenebat.

126 2781 172 2831 ter
194 2770 304 2831 circum
328 2771 431 2832 lliacos
452 2777 616 2849 raptaverat
638 2769 764 2830 llectora
785 2789 887 2831 muros

126 2857 352 2934 exanimumque
376 2874 448 2917 auro
471 2873 579 2934 corpus
601 2855 745 2916 vendebat
767 2855 903 2917 Achilles

125 2951 188 3002 tum
212 2959 280 3002 vero
304 2941 454 3020 ingentem
478 2941 619 3020 gemitum
641 2940 689 3001 dat
711 2949 832 3020 pectore
854 2939 890 3000 ab
913 2940 988 3012 imo,

125 3034 159 3086 ut
181 3026 289 3104 spolia,
312 3035 346 3086 ut
367 3044 488 3100 currus,
511 3034 603 3104 utque
625 3026 722 3105 ipsum
745 3045 854 3106 corpus
876 3025 961 3086 amici

125 3112 356 3189 tendentemque
378 3130 484 3173 manus
507 3111 653 3172 Priamum
677 3111 831 3190 conspexit
852 3110 982 3172 inermis.

125 3215 156 3257 se
180 3215 298 3275 quoque
322 3196 506 3275 principibus
529 3196 705 3275 permixtum
729 3196 867 3275 adgnovit
887 3195 1004 3257 Achivis

125 3280 260 3359 ansque
283 3281 360 3342 acies
382 3291 411 3342 et
434 3281 510 3360 nigri
532 3281 698 3342 Memnonis
721 3299 810 3342 arma.

125 3366 206 3428 ducit
227 3367 438 3428 Amazonidum
460 3366 568 3427 lunatis
591 3367 706 3444 agmina
729 3365 815 3443 peltis

125 3451 309 3512 Penthesilea
332 3453 435 3513 furens
458 3451 619 3530 mediisque
642 3451 671 3510 in
696 3451 813 3511 milibus
835 3450 932 3524 ardet,

125 3556 213 3598 aurea
235 3536 415 3597 subnectens
438 3545 568 3598 exsertae
591 3536 708 3614 cingula
730 3554 890 3608 mammae,

211 3689 258 3739 455
278 3689 350 3738 inter
366 3703 394 3736 ce
411 3685 468 3736 libri
488 3701 523 3751 pr.
535 3687 574 3744 e¹;
594 3686 625 3739 cs.
640 3685 723 3738 Madv.
736 3688 776 3739 33.
803 3689 910 3736 intrans
923 3683 996 3735 Ribb.
1067 3686 1118 3737 tot

126 3756 190 3809 laer.
210 3759 359 3806 ammeio:
380 3759 487 3820 gentem
507 3753 572 3806 Gent
590 3758 612 3807 4.
716 3758 765 3808 463
792 3753 950 3818 aliquando,
976 3758 1004 3803 nt
1029 3755 1081 3803 titi
1105 3768 1140 3805 ov

125 3823 233 3876 lleidtm.
249 3826 322 3886 1885,
339 3826 363 3875 4.
436 3821 529 3890 479482
542 3822 615 3874 Ribb.
629 3837 683 3888 pos.
697 3831 755 3888 post
767 3824 825 3887 tta,
844 3826 902 3888 post
920 3823 969 3873 468
983 3819 1029 3873 Κν.
1050 3823 1125 3888 18ἵ8,

124 3894 173 3945 488
193 3893 334 3956 adgnoscit
351 3889 414 3945 Tllc.
