2474 4388
461 241 624 297 subulcos
641 244 698 298 LlB.
717 245 755 306 ll,

75 415 102 475 si
123 432 178 494 qua
199 421 321 494 tegunt;
342 419 448 475 teneor
469 415 581 494 patriae
604 435 660 478 nec
682 416 797 498 legibus
819 419 896 481 ullis.

73 508 107 561 tu
128 500 216 561 modo
237 498 392 579 promissis
412 517 533 563 maneas
554 511 724 581 servataque
746 521 844 565 serres

73 583 161 646 'l'roia
183 584 288 660 fldem,
310 583 335 646 si
356 602 425 666 uera
446 586 554 660 leram,
577 587 602 649 si
624 606 731 667 magna
752 589 922 667 rependam.

159 668 265 732 Omnis
286 688 355 749 spes
376 668 510 732 Danaum
532 680 562 733 et
584 673 682 752 coepti
703 674 811 734 fiducia
832 674 901 736 belli

69 754 199 816 Palladis
220 755 335 817 auxiliis
355 773 474 834 semper
495 758 584 818 stetit.
627 758 736 836 impius
759 778 794 819 ex
817 778 877 838 quo

70 839 202 921 Tydides
223 839 274 902 sed
296 839 376 902 enirn
397 840 603 921 scelerumque
624 843 763 904 inventor
784 843 882 907 Ulixes

69 925 159 987 fatale
181 925 313 1005 adgressi
334 934 448 987 sacrato
471 927 595 989 avellere
618 929 727 1007 templo

70 1009 236 1072 Palladium
258 1010 350 1072 caesis
370 1029 501 1073 summae
523 1012 695 1074 custodibus
717 1013 792 1076 arcis

69 1095 248 1176 corripuere
269 1113 383 1158 sacram
405 1097 533 1176 effigiem
555 1097 751 1177 manibusque
773 1099 904 1161 cruentis

68 1180 220 1262 virgineas
240 1181 304 1242 ausi
324 1180 407 1242 divae
429 1183 603 1262 contingere
624 1183 724 1257 vittas,

71 1284 108 1328 ex
131 1265 183 1328 illo
205 1265 299 1327 fluere
320 1284 355 1327 ac
376 1275 458 1328 retro
480 1267 617 1347 sublapsa
639 1269 744 1330 referri

71 1370 143 1433 spes
164 1350 312 1426 Danaum,
334 1352 444 1413 fractae
466 1352 559 1425 vires,
581 1371 680 1415 aversa
702 1354 773 1415 deae
794 1373 890 1416 mans.

73 1455 131 1499 nec
153 1434 252 1498 dubiis
274 1454 308 1497 ea
328 1437 412 1515 signa
435 1437 514 1498 dedit
535 1438 669 1500 Tritonia
692 1440 840 1500 monstris.

71 1523 120 1584 vix
141 1521 273 1602 positum
295 1522 398 1584 castris
418 1522 625 1584 simulacrum:
648 1542 746 1585 arsere
767 1542 909 1586 coruscae

71 1606 237 1669 luminibus
258 1607 391 1669 flammae
413 1608 535 1670 arrectis
557 1608 709 1688 salsusque
731 1628 785 1688 per
807 1619 888 1672 artus

72 1692 165 1754 sudor
187 1693 221 1753 iit
241 1701 346 1772 terque
368 1693 430 1772 ipsa
453 1693 517 1756 solo
541 1693 687 1769 (mirabile
709 1694 801 1769 dictu)

73 1777 195 1839 emicuit
215 1795 408 1858 parmamque
429 1779 528 1840 serens
550 1779 721 1858 hastamque
744 1788 929 1840 trementem.

74 1862 223 1944 extemplo
244 1863 416 1942 temptanda
437 1865 505 1942 luga
529 1865 608 1925 canit
629 1883 756 1944 aequora
779 1864 898 1926 Calchas

73 1964 131 2010 nec
152 1966 241 2028 posse
262 1948 406 2026 Argolicis
428 1949 560 2010 exscindi
583 1949 723 2030 Pergama
745 1949 826 2024 telis,

74 2033 174 2094 omina
195 2033 227 2094 ni
249 2041 387 2113 repetant
407 2033 493 2114 Argis
515 2053 687 2113 numenque
709 2033 866 2107 reducant,

73 2119 154 2198 quod
176 2117 281 2199 pelago
303 2126 334 2179 et
355 2118 452 2180 curvis
473 2137 574 2180 secum
596 2137 718 2181 avexere
740 2118 857 2180 carinis.

114 2212 144 2266 et
164 2221 249 2266 nunc
271 2204 351 2283 quod
373 2204 482 2282 patrias
506 2213 591 2266 vento
614 2205 727 2285 petiere
750 2203 904 2283 Mycenas,

112 2307 194 2350 arma
218 2289 348 2368 deosque
370 2300 476 2368 parant
498 2289 622 2352 comites
643 2290 808 2369 pelagoque
830 2307 967 2351 remenso

111 2373 264 2454 improvisi
286 2373 427 2436 aderunt:
451 2375 490 2435 ita
512 2374 618 2454 digerit
640 2375 738 2436 omina
762 2374 892 2436 Calchas.

111 2459 193 2520 banc
214 2476 270 2538 pro
292 2459 420 2521 Palladio
444 2459 563 2532 moniti,
586 2477 641 2538 pro
665 2459 787 2520 numine
810 2460 888 2522 laeso

112 2544 243 2622 effigiem
264 2552 408 2618 statuere,
432 2545 514 2607 nelas
537 2563 612 2624 quae
633 2545 717 2606 triste
739 2544 843 2623 piaret.

66 2622 150 2690 banc
171 2637 270 2690 tamen
293 2629 466 2692 immensam
489 2630 610 2691 Calchas
631 2629 764 2691 attollere
786 2630 893 2691 molem

65 2713 231 2776 roboribus
252 2714 340 2776 textis
362 2715 503 2793 caeloque
525 2716 651 2776 educere
674 2714 773 2788 iussit,

65 2812 108 2861 ne
130 2799 226 2879 recipi
248 2800 341 2878 portis
363 2809 414 2861 aut
434 2799 502 2860 duci
526 2801 555 2861 in
580 2800 697 2861 moenia
719 2808 820 2878 posset

63 2897 131 2946 neu
154 2884 299 2964 populum
320 2885 442 2964 antiqua
463 2883 518 2946 sub
541 2885 683 2965 religione
705 2884 791 2945 tueri.

64 2984 140 3031 nam
162 2968 305 3030 sinestra
327 2987 432 3032 manus
452 2969 588 3032 violasset
610 2969 686 3031 dona
710 2969 872 3041 Minervae,

62 3060 133 3117 tum
157 3071 298 3133 magnum
319 3055 440 3116 exitium
463 3055 555 3135 (quod
577 3056 606 3116 di
628 3055 712 3135 prius
734 3073 821 3115 omen
846 3053 876 3114 in
898 3053 995 3132 ipsum

62 3131 275 3216 convertenti)
298 3139 404 3201 Priami
427 3140 551 3219 imperio
573 3138 799 3220 Phrygibusque
822 3140 974 3210 futurum;

61 3224 113 3287 sin
138 3222 278 3286 manibus
300 3225 403 3287 vestris
425 3232 550 3286 vestram
572 3225 753 3287 ascendisset
774 3225 805 3286 in
828 3222 948 3296 urbem,

62 3310 150 3372 ultro
170 3308 269 3370 Asiam
291 3327 399 3389 magno
420 3310 548 3390 Pelopea
570 3309 606 3371 ad
628 3309 745 3372 moenia
768 3309 844 3371 bello

78 3506 98 3529 ⁹
139 3497 206 3565 ‘tra
229 3510 321 3563 caldus
339 3527 372 3562 ua
395 3509 617 3576 Κν.1878,175.
652 3512 786 3576 laetosque
804 3509 833 3564 0.
854 3509 968 3562 Treuber
986 3506 1049 3560 llW.
1069 3509 1147 3570 1880,

64 3581 126 3635 tta
143 3580 303 3646 mutusque
318 3527 428 3631 fieidtm.
448 3581 522 3643 lsst,
541 3582 584 3638 26:
610 3578 655 3631 sed
673 3581 759 3630 salsus
777 3579 877 3631 ridetur
895 3577 981 3629 deberi
1000 3575 1091 3638 llnnio,
1110 3575 1144 3626 cl.

63 3646 150 3701 schol.
163 3645 225 3700 Ver.
238 3648 280 3713 86,
293 3649 333 3701 18.
407 3650 455 3700 179
473 3648 604 3699 odoacer-o
621 3646 709 3711 glad.
742 3661 843 3699 versum
856 3645 934 3698 deleri
952 3645 1029 3696 iussit
1042 3642 1146 3695 Dietscb

64 3712 162 3771 lueet
182 3713 260 3782 Verg.
278 3719 303 3781 1,
320 3717 380 3783 post
399 3717 447 3768 183
471 3716 602 3782 transponi
628 3715 743 3767 Bdobner
765 3713 827 3768 GPr.
847 3712 979 3766 Schwerin
1006 3713 1084 3775 1866,
1106 3713 1145 3763 12.

66 3784 115 3840 182
133 3786 177 3837 lla
196 3819 223 3836 ..
243 3782 354 3835 Gabbae
378 3782 461 3835 damn.
479 3782 572 3835 Hansel
591 3782 653 3837 GPr.
673 3782 756 3848 Sagun
779 3785 851 3836 1861.
939 3781 988 3833 183
1007 3781 1085 3843 bone]
1104 3781 1147 3830 bio

61 3848 235 3975 ffirssllgssb,
247 3853 305 3906 381).
377 3854 425 3905 181
442 3850 520 3912 nefas
539 3856 671 3918 ..piarat
690 3853 714 3902 in
734 3866 803 3917 susp.
818 3866 873 3903 voc.
886 3848 926 3901 Kl.
997 3851 1043 3903 187
1061 3852 1148 3916 possit

190 3937 214 3974 π
