2474 4388
443 226 604 281 ammons
622 225 681 281 ΠΒ.
699 228 731 280 X.

47 400 105 461 lert
127 399 234 479 ingens
255 405 318 459 toto
340 398 465 460 conixus
488 417 614 479 corpore
636 418 752 475 saxum,

48 485 127 546 haud
148 491 262 564 partem
285 482 421 563 exiguam
442 485 568 558 montis,
591 485 752 565 Lyrnesius
773 488 886 547 Acmon

49 588 105 630 nec
128 569 223 650 Clytio
244 569 380 647 genitore
400 569 500 631 minor
523 571 690 632 confratre
713 571 892 633 Menestheo.

47 655 79 716 hi
101 654 219 730 iaculis,
242 653 284 715 illi
304 661 419 717 certant
441 653 601 717 defendere
623 655 701 718 saxis
1082 667 1124 719 tto

48 739 206 819 molirique
227 739 327 818 ignem
350 758 501 818 nervoque
523 748 625 820 aptare
646 741 775 821 sagittas.

50 825 114 905 ipse
136 823 364 899 intermedias,
387 824 512 887 Veneris
533 825 690 887 iustissima
713 843 799 899 cura,

49 909 214 972 Dardanius
236 918 339 989 capnt,
361 910 446 972 eccel
471 929 547 990 puer
568 911 701 973 detectus
723 911 898 983 honestum,

50 995 144 1073 qualis
168 1012 283 1074 gemma
305 995 409 1068 micat,
431 995 543 1057 fulvum
566 1014 641 1074 quae
664 995 766 1056 dividit
787 1014 906 1069 aurum,

49 1089 99 1141 aut
121 1079 198 1141 collo
221 1079 311 1142 decus
332 1089 383 1141 aut
404 1080 508 1160 capiti,
530 1081 576 1142 vel
598 1080 684 1160 quale
707 1099 761 1161 per
781 1089 874 1142 artem

48 1164 198 1227 inclusum
220 1163 298 1226 buxo
321 1173 372 1228 aut
394 1164 493 1227 Oricia
514 1165 682 1227 terebintho

49 1249 129 1311 lucet
152 1249 243 1326 ebur3
265 1251 347 1312 fusos
369 1251 467 1312 cervix
490 1251 536 1311 cui
558 1250 651 1312 lactea
673 1250 765 1312 crinis

48 1335 157 1416 accipit
179 1343 209 1396 et
229 1335 311 1395 molli
333 1334 484 1397 subnectit
505 1336 633 1398 circulus
655 1354 737 1397 auro.

47 1429 75 1481 te
99 1437 221 1499 quoque
243 1420 446 1499 magnanimae
468 1420 621 1495 viderunt,
643 1420 769 1493 lsmare,
791 1429 895 1498 gentes

47 1506 171 1567 volnera
193 1505 319 1585 dirigere
341 1514 371 1566 et
392 1506 520 1567 calamos
541 1523 654 1567 armare
676 1524 809 1579 veneno,

46 1589 184 1652 llaeonia
205 1608 349 1670 generose
372 1591 477 1666 domo,
500 1589 551 1652 ubi
573 1591 694 1670 pinguia
717 1591 794 1651 culta

46 1684 251 1754 exercentque
271 1675 325 1736 viri
348 1675 544 1754 Pactolusque
566 1675 674 1755 inrigat
696 1693 778 1736 auro.

45 1761 141 1822 adluit
163 1768 194 1822 et
214 1760 399 1833 Mnestheus,
422 1779 509 1840 quem
533 1760 610 1840 pulsi
632 1760 757 1841 pristina
778 1760 872 1821 Turni

45 1863 158 1926 aggere
179 1863 351 1908 moerorum
373 1846 530 1908 sublimem
552 1846 645 1926 gloria
666 1844 757 1919 tollit,

46 1939 78 1993 et
102 1931 213 2011 Capys:
235 1930 306 1992 hinc
329 1949 438 1992 nomen
463 1930 628 2011 Campanae
650 1930 769 1992 ducitur
791 1928 864 1989 urbi.

136 2015 181 2076 llli
203 2015 283 2077 inter
303 2035 367 2078 sese
389 2016 456 2078 duri
478 2016 637 2077 certamina
660 2014 729 2076 belli

48 2100 255 2162 contulerant:
278 2101 374 2162 media
395 2101 510 2163 Aeneas
531 2102 605 2162 freta
629 2108 717 2162 nocte
738 2097 865 2161 secabat.

48 2204 194 2265 namque,
217 2194 250 2247 ut
271 2185 307 2247 ab
330 2185 470 2249 Euandro
492 2187 595 2249 castris
616 2187 769 2265 ingressus
789 2181 921 2245 Etruscis

47 2289 153 2350 regem
174 2271 234 2333 adit
255 2279 285 2333 et
306 2272 369 2352 regi
391 2280 536 2334 memorat
559 2288 729 2350 nomenque
751 2286 919 2348 genusque,

49 2357 158 2435 quidve
181 2364 262 2438 petat
283 2356 388 2436 quidve
410 2357 474 2438 ipse
495 2358 586 2431 ierat,
608 2355 771 2419 Mezentius
792 2372 873 2415 arma

48 2459 127 2522 quae
149 2441 206 2504 sihi
228 2442 382 2518 conciliet,
405 2443 590 2521 violentaque
612 2449 733 2522 pectora
756 2439 849 2502 Turni

49 2527 171 2600 edocet,
194 2527 331 2590 humanis
353 2545 428 2607 quae
450 2528 615 2590 sit-fiducia
637 2527 743 2601 rebus,

49 2610 191 2673 admonet
213 2612 417 2692 immiscetque
439 2630 559 2693 preces,
582 2613 660 2673 haud
681 2613 716 2672 fit
736 2628 837 2685 mora,
859 2610 996 2673 Tarchon

50 2697 149 2777 iungit
170 2715 242 2778 opes
263 2699 427 2778 foedusque
449 2697 535 2772 lerit;
557 2707 620 2758 tum
643 2696 736 2758 libera
759 2696 809 2757 lati

49 2782 174 2845 classem
195 2783 368 2845 conscendit
389 2783 477 2845 iussis
498 2800 573 2861 gens
595 2782 683 2862 Lydia
706 2781 818 2852 divom,

50 2875 175 2928 externo
198 2868 353 2930 commissa
375 2868 452 2930 duci.
496 2867 606 2929 Aeneia
629 2866 737 2946 puppis

50 2953 147 3032 prima
168 2960 250 3014 tenet
270 2961 367 3014 rostro
390 2953 534 3033 Phrygios
556 2951 712 3014 subiuncta
734 2950 836 3011 leones
843 2967 851 3023 ;

50 3037 189 3099 imminet
210 3036 259 3098 lda
281 3056 389 3118 super,
411 3038 545 3118 profugis
566 3035 732 3116 gratissima
754 3033 885 3095 Teucris.

49 3122 98 3183 hic
122 3139 247 3202 magnus
268 3123 350 3184 sedet
370 3123 486 3185 Aeneas
508 3140 668 3201 secumque
690 3121 801 3182 volutat

50 3214 176 3269 eventus
197 3206 267 3268 belli
288 3208 400 3281 varios,
423 3208 575 3287 Pallasque
598 3207 717 3269 sinistro

50 3292 165 3354 adfixus
185 3292 270 3354 lateri
292 3293 347 3353 iam
371 3294 486 3372 quaerit
508 3293 620 3367 sidera,
644 3310 753 3372 opacae

50 3377 150 3440 noctis
171 3377 242 3450 iter,
264 3377 322 3438 iam
345 3395 421 3458 quae
444 3397 547 3459 possus
568 3387 707 3456 terraque
729 3376 871 3453 marique.

138 3462 260 3524 Pandite
283 3480 364 3524 nunc
388 3462 547 3535 Helicona,
570 3462 657 3534 deae,
681 3471 845 3539 cantusque
867 3466 998 3530 movete,

50 3567 128 3628 quae
150 3565 255 3610 manus
276 3548 388 3610 interea
411 3547 515 3610 Tuscis
537 3547 695 3610 comitetur
716 3545 752 3606 ab
775 3545 834 3605 oris

50 3635 172 3696 Aenean
196 3641 348 3714 armatque
371 3641 449 3696 rates
471 3632 636 3713 pelagoque
658 3632 789 3693 vehatur.
1085 3633 1126 3685 tta

139 3786 187 3839 tat
205 3787 363 3836 subnectens
380 3782 440 3835 libri
459 3798 496 3850 pr.
510 3781 548 3843 M,
567 3781 641 3834 Ribb
704 3782 749 3832 141
770 3781 825 3841 uba]
843 3780 887 3828 eui
904 3791 929 3828 nr
995 3776 1044 3828 144
1060 3790 1130 3825 meo·

50 3867 115 3904 rum
131 3849 165 3902 Ρι
200 3868 340 3904 murorum
358 3849 431 3922 P’Ry
435 3850 516 3903 ¹b¹em
597 3852 645 3904 150
665 3848 781 3916 quidque
796 3781 953 3964 ‘multi’alp
970 3841 1042 3896 Serv·
1061 3841 1096 3908 pl

53 3922 104 3973 164
120 3916 189 3982 satis
206 3918 278 3973 Serv.
296 3936 333 3988 pr.
352 3919 409 3973 cod.
413 3869 496 3972 ylllor.
586 3920 633 3972 163
651 3865 754 3969 monela
771 3913 821 3986 Ργι
838 3910 915 3979 (utv
954 3915 1001 3966 641
1022 3909 1093 3983 r¹y²t
