2286 4394
77 195 138 257 184
449 195 478 250 Ρ.
490 195 618 250 unuour
634 195 783 252 mollis

75 369 255 450 insequitur,
277 369 444 432 venerande
466 388 556 451 puer,
578 369 637 430 iam
659 378 782 450 pectore
804 379 868 433 toto

74 455 187 535 accipio
210 464 239 516 et
261 455 399 516 comitem
421 474 507 518 casus
528 454 711 534 complector
731 455 764 516 in
787 457 895 520 omnis.

77 541 157 605 nulla
178 540 253 602 meis
274 541 338 602 sine
359 551 389 602 te
410 549 570 620 quaeretur
590 539 684 619 gloria
705 538 812 617 robus3

76 645 129 690 seu
150 643 255 706 pacem
277 644 329 688 seu
352 623 427 687 bella
448 643 565 704 geram,
586 624 641 686 tibi
663 625 789 686 maxima
810 644 911 689 rernm

77 711 295 791 verborumque
317 705 408 772 ildes’
453 719 557 773 contra
579 728 669 790 quem
691 710 760 772 talia
781 712 861 773 latur

78 796 238 878 Euryalus:
256 789 322 858 ‘me
346 795 426 857 nulla
447 796 510 857 dies
531 805 591 856 tam
613 794 740 858 sortibus
760 797 841 858 ausis

78 881 247 946 dissimilem
269 881 415 961 arguerit,
437 889 553 943 tantum
575 882 695 943 fortuna
716 882 849 943 secunda

79 969 157 1031 haud
178 967 299 1030 adversa
319 966 417 1028 cadatl
439 967 491 1028 sed
512 974 542 1027 te
563 984 654 1046 super
676 966 776 1028 omnia
797 966 877 1028 dona

79 1073 173 1117 unum
197 1071 259 1115 oro.
304 1051 438 1131 genetrix
459 1050 566 1112 Priami
587 1051 624 1113 de
646 1059 735 1130 gente
754 1060 872 1113 vetusta

80 1150 125 1201 est
146 1137 233 1211 mihi,
257 1155 344 1215 quam
365 1136 503 1199 miseram
524 1136 623 1198 tenuit
642 1155 705 1199 non
727 1135 780 1197 llia
801 1136 892 1200 tellus

80 1242 196 1286 mecum
219 1223 422 1296 excedentem,
446 1240 507 1284 non
530 1221 648 1283 moenia
669 1221 748 1300 regis
768 1221 911 1285 Acestae:

81 1309 159 1369 hanc
181 1324 236 1385 ego
259 1325 339 1368 nunc
360 1307 493 1386 ignaram
516 1305 604 1368 huius
626 1306 836 1386 quodcumque
858 1308 963 1389 pericli
984 1320 1026 1370 est

81 1393 172 1471 inque
194 1391 346 1453 salutatam
367 1392 484 1471 bnquo‚
507 1393 581 1470 (nox
602 1400 632 1453 et
651 1400 703 1453 tua
723 1392 807 1454 testis

82 1476 213 1552 dextera)
236 1477 314 1555 quod
337 1494 483 1556 nequeam
504 1476 638 1538 lacrimas
660 1477 793 1556 perferre
815 1479 964 1557 parentis;

83 1572 112 1624 at
134 1571 181 1635 tu,
205 1580 273 1635 oro,
296 1561 391 1623 solare
414 1561 535 1640 inopem
557 1570 587 1623 et
607 1580 749 1623 succurre
770 1562 906 1625 relictae!

83 1649 161 1709 hano
182 1646 246 1709 sine
269 1664 316 1707 me
338 1665 420 1752 spem
443 1649 521 1707 lerre
543 1646 602 1707 tui:
625 1646 782 1708 audentior
802 1647 852 1710 ibo

83 1732 114 1795 iu
138 1750 223 1795 casus
244 1732 349 1794 omnis.
404 1750 545 1813 percussa
565 1740 667 1794 monte
687 1731 796 1794 dedere

84 1816 265 1881 Dardanidae
287 1817 436 1891 lacrimas,
459 1828 528 1878 anto
551 1816 648 1879 omnis
668 1816 794 1897 pulcher
815 1816 912 1893 lulus‚

84 1913 173 1984 atque
194 1903 325 1965 animum
348 1903 459 1983 patriae
480 1901 599 1964 strinxit
619 1901 735 1982 pietatis
757 1902 863 1982 imago.

85 1998 148 2050 turn
170 1988 212 2050 sie
234 1989 354 2050 ellatur:

83 2066 210 2155 ‘sponde
232 2073 320 2154 digna
341 2073 401 2135 tuis
423 2070 594 2152 ingentibus
617 2071 715 2133 omnia
737 2071 864 2151 coeptis!

87 2177 216 2239 namque
239 2160 294 2221 erit
315 2158 369 2220 ista
391 2157 463 2219 mihi
485 2156 620 2236 genetrix
642 2175 813 2236 nomenque
835 2156 963 2219 Creusae

87 2245 182 2306 solum
206 2243 346 2318 deluerit,
371 2262 426 2304 nec
448 2250 565 2323 partum
588 2242 680 2322 qratia
700 2242 788 2304 talem

87 2347 176 2410 parva
196 2339 304 2389 manet.
349 2346 434 2390 casus
456 2329 565 2389 lactum
589 2326 768 2407 quicumque
790 2336 970 2407 sequentur,

87 2432 142 2494 per
165 2422 254 2492 caput
274 2413 332 2472 hoc
354 2413 435 2486 iuro,
459 2430 514 2492 per
536 2414 614 2493 quod
636 2421 721 2493 pater
742 2422 811 2473 ante
833 2411 964 2474 solebat:

89 2516 164 2577 quae
187 2496 240 2558 tihi
262 2497 405 2575 polliceor
426 2496 529 2558 reduci
550 2497 699 2577 rebusque
720 2497 872 2571 secundia,

88 2584 160 2644 haec
183 2581 284 2642 cadem
306 2582 452 2661 matrique
473 2591 542 2643 tuae
564 2583 726 2663 generique
748 2572 928 2644 manebunt.³

89 2669 131 2730 sic
154 2667 194 2728 ait
215 2666 418 2742 inlacrimans,
442 2685 544 2729 umero
566 2668 653 2730 simul
676 2668 756 2729 exuit
778 2687 894 2742 ensem,

89 2762 239 2828 auratum,
262 2753 337 2815 mira
360 2772 448 2832 quem
471 2754 580 2815 lecerat
602 2762 663 2814 arte
686 2752 803 2833 Lycaon

91 2839 219 2901 Gnosius
241 2848 328 2919 atque
350 2839 476 2901 habilem
498 2839 603 2919 vagina
625 2846 737 2917 aptarat
758 2838 881 2899 eburna.

91 2924 139 2986 dal
161 2925 231 2987 Niso
254 2925 425 2987 Mnestheus
448 2924 555 3005 pellem
577 2923 786 3002 horrentisque
808 2923 902 2984 leonis

92 3011 224 3085 exuvias3
253 3010 363 3088 galeam
387 3011 463 3072 fidus
484 3019 632 3088 permutat
653 3008 761 3070 Aletes.

91 3094 229 3173 protinus
250 3095 353 3154 armati
376 3094 533 3166 incedunt,
558 3112 632 3172 quos
654 3093 751 3154 omnis
773 3093 870 3154 euntis

92 3178 255 3257 primorum
278 3196 384 3238 manus
407 3180 442 3239 ad
464 3186 579 3258 portas,
603 3179 802 3256 iuvenumque
823 3195 1006 3255 senumque,

93 3262 283 3343 prosequitur
305 3262 388 3322 votis.
434 3281 490 3323 nec
513 3280 572 3323 non
597 3272 627 3324 et
648 3263 771 3343 pulcher
794 3261 874 3323 lulus

93 3356 162 3408 ante
185 3365 280 3408 annos
302 3347 493 3426 animumque
515 3365 620 3426 gerens
643 3366 804 3426 curamque
826 3346 937 3407 virilem

94 3433 184 3494 multa
208 3432 285 3512 patri
308 3433 444 3494 mandata
466 3432 552 3494 dabat
573 3434 734 3512 portanda3
763 3433 814 3494 sed
837 3450 925 3493 aurae

95 3519 194 3580 omnia
216 3518 390 3598 discerpunt
411 3529 441 3581 et
464 3518 593 3580 nubibus
615 3517 703 3580 inrita
727 3519 848 3579 donant.

182 3671 231 3722 282
250 3675 309 3736 post
328 3673 431 3721 tantum
449 3669 548 3722 sortiter
566 3668 624 3720 dist.
642 3667 715 3720 Ribb.
789 3671 838 3722 283
858 3672 906 3717 out
923 3664 1013 3736 y²a²hc
1031 3664 1073 3729 (cl.

98 3734 171 3791 Ribb.
207 3738 382 3789 aul..endsl
398 3736 483 3789 Madv.
502 3740 542 3790 39.
623 3739 670 3790 287
692 3741 730 3786 est
748 3752 797 3788 om.
816 3735 888 3787 PRb¹
972 3734 1021 3787 292
1040 3733 1073 3783 ds

98 3800 226 3871 Pllyhcm
245 3804 277 3856 cl.
296 3804 328 3856 sd
347 3804 399 3858 Vlll
412 3806 469 3856 324.
540 3806 589 3857 294
608 3804 692 3866 (wll
706 3805 765 3869 824)
784 3805 844 3856 secl.
864 3801 962 3855 Peerllr.
982 3805 1008 3852 et
1020 3801 1073 3852 Alb

98 3868 130 3918 el.
148 3868 194 3922 JB.
215 3873 287 3934 1885,
307 3874 364 3925 241.
451 3872 501 3923 296
517 3871 633 3936 spondeo
652 3872 741 3923 n¹cuur
