2286 4394
438 110 599 165 somnus
617 111 675 166 ΗΒ.
693 110 735 165 lV.

78 283 158 345 audeat
176 283 296 347 adlatu?
318 302 394 364 quse
416 285 510 364 prims
534 283 652 346 exordis
674 281 790 345 sumat?

78 369 152 448 [etque
170 371 299 431 animum
322 389 406 431 nunc
426 371 486 430 huc
507 370 650 442 celerem,
674 387 755 430 nunc
778 369 879 430 dividit
900 371 984 446 illuc,

77 451 251 535 inpartisque
273 455 352 534 rapit
372 454 465 516 varim
486 473 599 534 perque
622 453 719 515 omnia
741 457 857 532 versat]

75 536 130 600 lnec
148 540 300 601 alternanti
322 539 422 619 potior
443 540 590 602 sententia
613 539 670 600 visa
693 548 745 601 est.

75 621 198 686 hucuca
220 626 451 704 Sergestumque
474 635 557 685 vocat
578 626 744 703 fortemque
767 623 933 686 Serestum:

76 707 171 771 classem
192 719 295 790 aptent
317 709 396 772 taciti
419 710 575 789 sociosque
596 709 632 769 ad
654 710 740 769 litora
762 719 883 789 cogant,

75 809 134 853 anm
152 804 254 875 parent
276 803 319 869 et,
342 813 418 874 quae
439 795 529 856 rehus
551 795 589 856 sit
610 813 697 856 causa
721 795 880 865 novandis,

74 876 246 953 dissimulent;
268 898 334 942 sese
354 881 483 953 interea,
507 879 626 959 quando
648 879 758 958 optima
782 878 855 939 Dido

74 964 162 1025 nuciat
182 974 211 1026 et
231 974 331 1026 tantos
352 965 449 1044 rumpi
473 983 534 1026 non
557 974 658 1044 speret
679 982 810 1036 amores,

74 1053 257 1128 temptaturum
280 1049 377 1111 aditus
398 1059 443 1122 et,
466 1068 541 1128 quae
563 1049 731 1111 mollissima
753 1048 833 1109 landi

73 1136 196 1213 tenpora,
218 1135 286 1214 quis
306 1135 396 1196 rehns
417 1135 521 1195 dexter
542 1134 657 1195 modus.
701 1134 783 1195 ocius
805 1152 909 1196 omnes

73 1213 171 1296 inperio
193 1221 261 1281 laeti
283 1228 441 1298 parentet
464 1219 542 1281 iussa
563 1221 723 1280 lacessunt.

136 1305 169 1364 lt
188 1305 292 1384 regina
314 1304 397 1366 dolos
417 1305 497 1383 (quis
519 1305 618 1366 lallere
641 1304 734 1383 possit
755 1315 901 1366 amantem
909 1302 935 1381 l)

10 1399 15 1415 ·
74 1390 212 1462 praesensit
234 1399 392 1469 motusque
415 1390 531 1469 excepit
553 1390 645 1469 prima
668 1389 783 1451 futuros

75 1474 149 1535 onnia
168 1483 230 1537 tuta
252 1475 370 1536 timens.
414 1476 515 1536 eadem
536 1475 626 1554 impia
649 1474 736 1534 Fama
758 1476 868 1536 lureuti

75 1551 153 1620 detuht
171 1560 278 1621 armari
299 1561 421 1622 classem
444 1578 623 1639 cursumque
645 1560 752 1639 parari.

75 1642 140 1704 uerit
158 1644 244 1725 inops
266 1645 356 1706 animi
377 1653 529 1724 totamque
550 1645 672 1706 incensa
693 1663 748 1724 per
770 1645 874 1706 urbem

76 1718 220 1804 bacchatur,
243 1731 338 1809 qualis
358 1730 512 1791 commotis
534 1729 628 1791 excita
649 1730 739 1791 sacris

10 1800 19 1847 Ξ
76 1803 168 1890 Thyias,
191 1814 243 1876 uhi
264 1814 363 1876 audito
385 1815 538 1877 stimulant
559 1814 707 1876 trieterica
731 1815 845 1876 Baccho

77 1897 134 1974 orgia
153 1910 379 1979 nocturnusque
400 1910 485 1961 vocat
507 1900 635 1962 clamore
658 1900 825 1961 Cithaeron.

73 1983 165 2075 landem
186 1985 233 2046 his
254 1985 374 2046 Aenean
398 1986 557 2065 compellat
576 1985 700 2047 vocibus
722 1985 814 2046 ultro:

82 2061 239 2130 dissimulare
261 2069 348 2131 etiam
370 2070 510 2150 sperasti,
532 2070 659 2150 perfide,
681 2078 796 2131 tantum

75 2163 137 2224 losse
158 2156 240 2217 celas
262 2155 428 2235 tacitusque
448 2174 514 2215 mea
536 2156 678 2217 decedere
699 2164 778 2216 terra

10 2220 15 2267 ¹
72 2247 111 2296 nec
130 2246 156 2299 te
176 2249 278 2301 noster
300 2258 383 2301 amor
404 2259 461 2302 nec
481 2249 511 2301 te
533 2241 598 2301 data
620 2241 738 2302 dextera
761 2237 910 2319 quondam

71 2335 112 2382 uec
129 2325 270 2385 moritura
291 2333 374 2386 tenet
394 2326 507 2387 crudeli
530 2327 635 2386 lunere
657 2323 752 2386 Dido?

71 2406 123 2482 quin
144 2409 229 2470 etiam
252 2409 378 2471 hiberno
401 2410 514 2472 moliris
535 2410 630 2472 sidere
653 2411 775 2472 classem

69 2497 89 2550 et
104 2494 201 2556 mediis
224 2513 367 2574 properas
388 2493 576 2575 aquilonibus
597 2495 641 2557 ire
662 2513 717 2575 per
738 2496 844 2569 altum,

66 2577 195 2642 crudelis?
219 2578 311 2659 quid‘l
334 2581 358 2642 si
382 2600 442 2642 non
466 2599 532 2642 arva
555 2580 649 2641 aliena
672 2581 834 2659 domosque

63 2658 164 2738 ignotas
184 2672 303 2744 peteres
325 2674 354 2726 et
376 2665 463 2726 Troia
486 2666 605 2745 antiqua
627 2674 774 2740 maneret,

63 2743 137 2809 Troia
158 2767 213 2829 per
234 2750 382 2812 undosum
405 2760 556 2830 peteretur
578 2750 719 2813 classibus
740 2746 873 2829 aequori

58 2849 136 2895 mene
157 2832 256 2913 lugis‘l
279 2854 410 2915 perego
432 2836 484 2896 has
506 2835 640 2898 lacrimas
663 2837 855 2914 dextramque
876 2843 957 2895 tuam
980 2842 1009 2894 te

57 2918 178 2997 (quando
201 2919 279 2981 ahud
302 2921 372 2981 mihi
395 2921 452 2981 iam
475 2921 598 2982 miserae
622 2921 695 2982 nihil
715 2922 778 3001 ipsa
800 2919 933 2999 reliqui),

53 3021 104 3082 per
124 3004 251 3065 conubia
274 3015 390 3079 nostra,
412 3024 466 3085 per
487 3005 623 3084 inceptos
645 3007 838 3087 hymenaeos,

52 3086 172 3150 sibene
195 3089 267 3168 quid
288 3089 324 3150 de
345 3098 375 3150 te
397 3091 505 3165 merui,
528 3091 584 3152 luit
605 3100 655 3152 aut
678 3091 730 3152 tihi
758 3093 915 3171 quicquam

50 3173 133 3234 dulce
155 3192 270 3248 meum,
293 3175 433 3236 miserere
455 3177 560 3236 domus
582 3176 706 3238 labentis
729 3186 758 3237 et
778 3177 880 3249 istam,

50 3277 116 3331 oro,
138 3258 164 3319 si
187 3259 254 3337 quis
276 3260 370 3321 adhuc
393 3260 531 3340 precihus
552 3261 650 3335 locus,
674 3280 747 3323 exue
770 3260 914 3323 menteml

48 3353 75 3405 te
98 3354 223 3423 propter
244 3343 371 3424 Libycae
392 3354 496 3424 gentes
518 3346 741 3426 Nomadumque
763 3346 881 3428 tyranni
1079 3352 1121 3402 320

47 3428 153 3504 odere,
176 3428 285 3491 inlensi
308 3429 405 3510 Tyrii3
428 3439 456 3492 te
479 3440 602 3510 propter
624 3433 750 3493 eundem

132 3580 183 3632 285
200 3584 284 3646 utque
301 3579 386 3632 lleins.
483 3581 558 3645 285Ι6
576 3580 766 3650 l=V¹112⁰lll
785 3580 845 3632 secl.
865 3577 979 3640 Brundi,
1003 3574 1053 3627 del.
1073 3574 1120 3627 Kv.

47 3651 122 3712 1881,
141 3649 175 3700 98
194 3653 220 3700 et
236 3647 307 3700 Albr.
326 3651 383 3702 399.
452 3650 502 3701 286
521 3665 570 3701 om.
587 3649 668 3720 ΙΝΡγ1
686 3649 760 3700 Rihh.
779 3647 838 3698 had.
908 3647 956 3697 288
976 3642 1119 3711 Serestum]

47 3717 209 3770 Cloanthum
225 3714 284 3768 Tib.
297 3715 411 3768 Donatus
429 3732 459 3781 π,
477 3717 509 3768 cl.
528 3717 570 3769 llll
589 3719 646 3770 561.
743 3718 792 3767 295
811 3730 842 3766 ue
859 3712 915 3765 lll²h
933 3712 992 3765 Lad.
1011 3711 1085 3765 Rihh.

45 3787 97 3840 312
115 3787 152 3848 et]
169 3784 217 3835 sed
233 3782 266 3835 P¹
277 3782 351 3836 Rihh.
386 3788 410 3835 si
427 3799 452 3835 m
463 3783 585 3840 Gothlll.
