2286 4394
23 202 87 265 804
411 198 453 253 ott
472 197 549 253 vira
567 198 713 254 ΡΟΕΤΑΕ.

104 374 249 453 Aequales
271 389 383 435 summa
406 389 458 451 spe
474 372 622 435 nascentis
636 374 794 453 poematis
810 376 926 436 lamam
941 377 996 437 iam
1011 395 1033 437 a.
1048 378 1088 440 ttt

21 468 196 541 prosecutos
219 476 283 520 esse
305 457 388 519 testis
410 465 455 520 est
476 475 578 519 uersus
600 457 813 539 Propertii
838 460 880 539 (ll
898 464 950 533 34,
966 463 1031 540 65):

219 559 312 622 cedite
333 557 460 622 Romani
479 563 644 640 sulpurea,
668 561 761 623 cedde
788 560 880 623 Grai:

268 648 360 707 neec‘o
383 645 452 725 quid
473 648 569 706 maius
589 649 721 707 mscitur
743 645 852 708 Iliade.

109 747 228 809 Homeri
243 746 358 809 laudem
382 766 419 808 ne
434 755 583 826 aequaret,
605 747 715 809 nedum
732 760 909 827 superaret,
935 751 967 810 V.
984 752 1038 812 lato
1050 751 1090 811 ni

23 852 90 895 sero
106 832 264 913 impeditus
279 839 332 894 est.
366 831 503 892 undecim
519 831 605 893 annis
619 832 765 912 impensis
782 834 915 896 Aeneidi
932 846 967 898 ut
981 847 1090 897 extrem

25 937 129 980 manus
154 919 322 989 accederet,
355 917 384 977 in
409 915 557 977 Graeciam
587 925 617 979 et
642 917 672 978 in
696 918 799 979 Asiam
831 920 977 982 secedere
1000 922 1090 982 consti·

24 1003 95 1077 tuit,
124 1002 175 1064 ubi
200 1003 289 1064 multa
312 1020 388 1077 eum,
411 1002 435 1064 si
457 1001 596 1072 licuisset,
618 1003 847 1065 emendaturum
876 1006 974 1068 luisse
996 1016 1090 1068 certum

24 1097 83 1159 est,
110 1087 253 1167 siquidem
276 1085 470 1149 moribundus
492 1095 587 1150 totum
608 1087 716 1149 librum
739 1097 773 1149 ut
797 1089 1011 1171 imperfectum
1032 1110 1090 1153 con

25 1174 149 1234 cremari
171 1173 270 1234 voluit.
303 1174 354 1234 sed
373 1173 495 1234 Athenis
516 1173 546 1234 in
569 1171 708 1235 morbum
729 1172 839 1234 incidit
861 1183 893 1236 et
918 1176 957 1237 ab
976 1177 1091 1257 Augusto

26 1267 171 1331 exoratus,
196 1267 227 1320 ut
242 1275 299 1318 una
316 1258 434 1331 rediret,
450 1257 639 1319 Brundisium
654 1257 783 1331 revertit,
808 1258 861 1320 ubi
879 1260 959 1322 obiit
974 1281 999 1323 a.
1014 1263 1038 1322 d.
1052 1261 1089 1321 lll.

26 1342 87 1402 lial.
104 1341 168 1402 Oct.
185 1360 211 1400 a.
228 1344 298 1403 735.
336 1360 400 1403 ossa
423 1342 485 1403 eius
498 1341 648 1423 Neapolim
670 1342 812 1404 translata
836 1354 922 1420 sunt,
948 1347 999 1408 uhi
1020 1346 1090 1407 lindie

24 1443 142 1505 qnoque
170 1426 342 1505 sepulcrum¹
367 1437 487 1505 poetae,
518 1428 696 1507 quicumque
723 1427 841 1504 visunt,
878 1431 932 1509 pio
962 1441 1088 1511 gratoque

23 1509 122 1573 ammo
143 1520 332 1573 venerantur.

107 1594 269 1657 Aeneidem
290 1594 324 1657 L.
339 1594 443 1657 Varius
465 1596 560 1658 Rulus
587 1605 617 1658 et
637 1597 749 1659 Plotius
771 1597 873 1660 Tucca
903 1601 994 1662 amici
1016 1606 1110 1675 testa-l

25 1689 126 1742 mento
148 1680 263 1754 moniti,
286 1700 323 1743 ne
345 1681 415 1786 quid
437 1682 568 1756 ederent,
591 1682 668 1761 quod
692 1701 753 1744 non
770 1682 806 1743 ab
825 1683 893 1764 ipso
917 1695 1010 1766 poeta
1029 1697 1091 1749 esset

27 1766 152 1840 editum,
176 1759 355 1828 ‘summatim
393 1767 574 1828 emendatam
598 1766 762 1829 ediderunt.
806 1768 939 1849 Augusti
963 1771 1091 1833 iussuad

26 1850 217 1913 celebrandos
238 1852 324 1913 ludos
337 1851 501 1913 saeculares
523 1870 549 1912 a.
565 1853 626 1913 iere
643 1855 703 1916 737
723 1852 754 1913 in
777 1853 935 1933 publicum
952 1874 1019 1917 eam
1033 1875 1092 1937 pro·

27 1936 112 1999 diisse
135 1955 197 1999 non
220 1936 284 1998 sine
307 1936 402 2014 aliqua
417 1935 623 2015 probabilitate
644 1937 782 1999 conicias.
821 1957 924 2019 neque
947 1941 989 2002 ita
1013 1943 1093 2003 multo

25 2031 93 2100 post
116 2020 272 2083 Ovidius
297 2031 384 2101 poeta
405 2021 506 2084 subtili
534 2022 640 2084 iudicio
669 2039 796 2101 veraque
824 2024 1041 2088 vaticinatione
1065 2029 1094 2087 de

24 2106 119 2169 tribus
140 2106 251 2187 Vergili
273 2105 355 2170 libris
377 2107 520 2187 praedixit
542 2107 779 2185 (An.115,25)
804 2108 895 2172 haec:

182 2207 297 2288 Tityrus
318 2219 343 2270 et
365 2210 464 2289 [rupes
487 2209 644 2290 Aeneiaque
666 2227 749 2271 arma
772 2208 914 2288 leqeatur,

231 2291 322 2355 Roma
344 2295 515 2375 tre'umplmti
536 2295 603 2357 dum
625 2304 707 2375 eaput
729 2294 806 2355 orbis
830 2300 897 2358 erit.

376 3899 470 3953 lipsiae,
486 3897 541 3953 typis
554 3896 572 3939 J.
583 3894 605 3938 B.
617 3894 759 3938 lllrsoltieldi.
