2286 4394
79 221 140 281 238
454 218 483 273 Ρ.
496 219 625 272 venatu
642 219 792 274 nunonis

77 413 124 456 me
145 393 210 454 sine
232 392 327 472 prima
349 410 440 452 manu
462 400 608 471 temptare
629 391 761 472 pericula
783 393 868 469 belli,

76 489 108 540 tu
130 477 220 557 pedes
242 479 278 538 ad
302 495 403 538 muros
425 476 552 538 subsiste
575 486 605 536 et
626 478 745 539 moenia
767 476 877 541 serva.’

76 563 196 624 'luruus
219 563 254 623 ad
278 563 350 623 baec
373 562 475 623 oculos
498 562 647 622 horrenda
669 563 699 624 in
723 563 839 644 virgine
863 567 952 627 fixus:

72 644 105 708 ‘o
127 648 218 709 decus
241 647 339 708 ltaliae
361 648 460 726 virgo,
483 665 556 725 quas
577 646 677 708 dicere
699 657 799 727 grates

77 752 184 812 quasve
207 734 319 793 reterre
342 730 466 812 parem?
489 732 540 792 sed
563 750 662 805 nunc,
684 743 730 794 est
752 734 855 796 omnia
876 735 992 815 quando

77 819 132 880 iste
155 819 271 880 animus
294 836 398 898 supra,
421 835 537 877 mecum
560 816 670 896 partire
692 817 836 880 laborem.

78 906 206 977 Aeneas,
228 913 261 964 ut
284 904 359 963 lama
381 902 468 962 fidem
492 902 632 980 missique
654 912 811 983 reportant

77 990 295 1070 exploratores,
318 988 452 1067 equitum
473 986 545 1048 levia
567 987 722 1066 improbus
744 1007 826 1050 arma

77 1075 242 1154 praemisit,
266 1082 423 1153 quaterent
444 1090 580 1152 campos3
602 1072 666 1152 ipse
688 1073 779 1134 ardua
801 1076 915 1136 montis

76 1178 132 1239 per
153 1159 267 1221 deserta
289 1158 360 1237 iugo
381 1176 526 1237 superans
548 1157 685 1218 adventat
706 1159 741 1218 ad
766 1160 884 1221 urbem.

77 1244 153 1304 lurta
176 1263 248 1324 paro
271 1242 339 1303 belli
363 1261 495 1303 convexo
518 1242 548 1303 in
572 1242 690 1303 tramite
712 1243 816 1317 siluae,

75 1336 109 1387 nt
132 1327 222 1389 bivias
243 1336 354 1388 armato
378 1326 510 1387 obsidam
531 1327 624 1388 milite
647 1328 755 1390 lauces.

76 1421 108 1473 tu
130 1411 317 1492 Tyrrhenum
340 1411 470 1490 equitem
493 1412 607 1474 collatis
628 1413 732 1492 excipe
753 1413 864 1492 signis;

75 1505 174 1556 tecum
195 1513 265 1558 acer
287 1495 437 1576 Messapus
459 1497 711 1577 eritturmaeque
734 1497 856 1559 Latinae

76 1580 252 1661 Tiburtique
273 1599 395 1655 manus,
417 1582 501 1644 ducis
524 1592 555 1644 et
576 1595 608 1644 tu
630 1583 755 1662 concipe
777 1573 908 1643 curam'

75 1666 118 1727 sic
140 1666 181 1727 ait
202 1677 231 1728 et
254 1667 375 1747 paribus
397 1667 564 1747 Messapum
587 1668 618 1728 iu
642 1667 754 1747 proelia
776 1667 862 1729 dictis

75 1752 211 1814 bortatur
233 1753 389 1832 sociosque
411 1753 502 1815 duces
524 1761 554 1813 et
575 1753 674 1832 pergit
694 1753 724 1813 in
749 1753 874 1814 bostem.

164 1837 216 1899 Est
237 1857 327 1901 curvo
351 1839 485 1899 anfractu
508 1837 613 1910 valles,
636 1837 827 1898 adcommoda
850 1837 947 1898 iraudi

76 1940 286 2002 armorumque
308 1924 400 1997 dolis,
423 1942 511 2002 quarn
534 1922 634 1984 densis
656 1922 812 1984 frondibus
834 1931 932 1984 atrum

76 2018 164 2088 urget
186 2009 336 2088 utrimque
358 2010 448 2082 latus,
472 2009 571 2070 tenuis
593 2026 652 2086 quo
675 2008 778 2069 semita
800 2008 882 2069 ducit

76 2103 279 2173 angustaeque
302 2096 402 2157 lerunt
423 2095 523 2155 lauces
545 2092 699 2171 aditusque
721 2092 852 2172 maligui.

77 2179 154 2240 bane
177 2180 321 2260 superio
345 2179 472 2260 speculis
494 2196 669 2257 summoque
691 2178 722 2238 in
745 2178 855 2239 vertice
879 2179 991 2239 montis

77 2264 213 2342 planities
235 2265 336 2344 ignota
359 2267 433 2326 iacet
454 2265 568 2343 tutique
591 2271 743 2342 receptus,

77 2367 130 2409 seu
152 2350 254 2408 dextra
276 2351 414 2429 laevaque
438 2350 508 2411 velis
530 2366 688 2410 occurrere
710 2365 828 2427 pugnae

77 2433 137 2492 sive
160 2435 270 2494 instare
294 2435 369 2513 iugis
392 2443 421 2495 et
443 2434 565 2513 grandia
586 2433 702 2494 volvere
724 2450 800 2494 saxa.

77 2517 135 2576 huc
158 2519 272 2578 iuvenis
296 2527 365 2579 nota
388 2521 483 2579 fertur
505 2520 627 2598 regione
649 2519 762 2579 viarum

77 2602 259 2681 arripuitque
283 2605 381 2664 locum
404 2613 431 2664 el
455 2605 532 2665 silvis
555 2604 663 2666 insedit
684 2603 802 2683 iniquis.

162 2687 300 2749 Velocem
321 2691 433 2751 interea
456 2691 571 2769 superis
593 2690 623 2750 in
647 2688 765 2750 sedibus
789 2687 891 2766 Opim,

77 2790 168 2834 uuam
191 2794 226 2835 ex
248 2776 412 2855 virginibus
433 2777 521 2837 sociis
542 2793 684 2853 sacraque
706 2782 837 2843 caterva,

77 2861 273 2940 compellabat
296 2872 324 2924 et
347 2864 399 2924 has
422 2862 512 2923 tristis
536 2860 656 2920 Latonia
680 2877 767 2919 voces

78 2964 129 3008 ore
152 2947 251 3008 dabat:
272 2940 419 3027 ‘graditur
441 2947 550 3007 bellum
573 2946 608 3005 ad
631 2944 750 3005 crudele
773 2942 907 3013 Camilla,

77 3050 94 3088 o
118 3032 216 3108 virgo,
240 3042 270 3093 et
293 3035 402 3094 uostris
426 3033 605 3110 nequiquam
628 3029 758 3107 cingitur
780 3027 883 3100 armis,

77 3132 143 3174 cara
167 3116 237 3176 mihi
261 3126 328 3176 ante
352 3119 431 3178 alias.
476 3116 677 3194 nequeenim
701 3133 794 3175 novus
811 3113 870 3172 iste
894 3111 1004 3171 Dianae

77 3200 156 3259 venit
178 3217 261 3260 amor
283 3199 438 3280 subitaque
461 3202 593 3261 animum
616 3199 772 3261 dulcedine
795 3197 892 3258 movit.

77 3284 179 3363 pulsus
203 3287 240 3346 ob
264 3286 400 3346 iuvidiam
425 3303 517 3363 reguo
542 3287 670 3364 virisque
692 3282 836 3363 superbas

78 3370 219 3431 Priverno
242 3372 362 3451 antiqua
385 3368 517 3432 Metabus
539 3390 607 3431 cum
630 3370 786 3431 excederet
809 3366 898 3439 urbe,

162 3562 210 3611 507
229 3558 334 3627 finosy
369 3558 435 3619 fiatis
452 3555 518 3607 M¹c¹
562 3556 621 3607 iude
641 3554 725 3605 oculis
746 3591 771 3603 ..
790 3553 856 3614 fieris
875 3566 946 3617 prop.
966 3548 1053 3600 licius.

76 3631 125 3680 523
139 3642 159 3679 s.
185 3643 264 3693 quom
283 3665 289 3678 .
308 3664 314 3677 .
333 3627 404 3676 latus
425 3625 485 3678 secl.
505 3623 581 3684 Rbb.;
606 3622 638 3674 cl.
657 3620 699 3671 Vll
718 3623 799 3674 5658.
892 3621 941 3671 526
966 3635 980 3665 e
1005 3632 1061 3682 spes

75 3697 107 3748 ci.
127 3699 184 3748 till.
238 3699 267 3745 in
292 3694 360 3761 prius
386 3710 435 3746 om.
455 3692 503 3744 Ra¹
591 3695 639 3745 527
658 3706 776 3741 recessus
794 3687 867 3747 M²R;
892 3686 925 3737 cl.
945 3684 1018 3737 Serv.

75 3767 126 3817 534
145 3766 219 3812 tristi
236 3763 257 3814 R
310 3762 387 3814 verba
406 3778 489 3826 neque
509 3763 579 3810 enim
598 3763 646 3811 537
666 3796 672 3810 .
695 3797 700 3808 .
719 3758 784 3808 coiit
802 3760 852 3809 584
871 3755 944 3805 Ribb.
963 3752 1058 3805 lleindr

76 3829 238 3897 Peerlkampi
257 3830 417 3897 suspiciones
435 3829 568 3895 amplexus
594 3835 622 3879 ut
639 3826 758 3879 secundis
778 3825 845 3876 curis
866 3839 880 3874 a
902 3827 978 3891 poeta
1001 3822 1027 3873 iu
1047 3837 1059 3872 s

77 3899 191 3949 coniecta
210 3914 261 3950 non
281 3898 374 3949 Dionae
394 3897 489 3961 tribuit,
508 3895 553 3947 sed
572 3896 599 3947 in
617 3894 762 3962 parenthesi
782 3893 862 3960 ponit.

462 4046 754 4112 2.A
