<?xml version="1.0" encoding="UTF-8"?>
<!DOCTYPE html PUBLIC "-//W3C//DTD XHTML 1.0 Transitional//EN"
    "http://www.w3.org/TR/xhtml1/DTD/xhtml1-transitional.dtd">
<html xmlns="http://www.w3.org/1999/xhtml" xml:lang="en" lang="en">
 <head>
  <title>
</title>
<meta http-equiv="Content-Type" content="text/html;charset=utf-8" />
  <meta name='ocr-system' content='tesseract 3.04.00' />
  <meta name='ocr-capabilities' content='ocr_page ocr_carea ocr_par ocr_line ocrx_word'/>
</head>
<body>
  <div class='ocr_page' id='page_1' title='image "./pvergilimaronis08virggoog/pvergilimaronis08virggoog_0076.png"; bbox 0 0 2474 4388; ppageno 0'>
   <div class='ocr_carea' id='block_1_1' title="bbox 461 214 754 269">
    <p class='ocr_par' dir='ltr' id='par_1_1' title="bbox 461 214 754 269">
     <span class='ocr_line' id='line_1_1' title="bbox 461 214 754 269; baseline 0.003 -1"><span class='ocrx_word' id='word_1_1' title='bbox 461 214 622 268; x_wconf 74' lang='lat' dir='ltr'><strong>renunes</strong></span> <span class='ocrx_word' id='word_1_2' title='bbox 640 215 698 268; x_wconf 81' lang='lat' dir='ltr'><strong>Llll.</strong></span> <span class='ocrx_word' id='word_1_3' title='bbox 716 215 754 269; x_wconf 92' lang='lat' dir='ltr'><strong>lll.</strong></span> 
     </span>
    </p>
   </div>
   <div class='ocr_carea' id='block_1_2' title="bbox 64 384 1144 892">
    <p class='ocr_par' dir='ltr' id='par_1_2' title="bbox 68 384 847 464">
     <span class='ocr_line' id='line_1_2' title="bbox 68 384 847 464; baseline 0.004 -19"><span class='ocrx_word' id='word_1_4' title='bbox 68 384 196 464; x_wconf 82' lang='lat' dir='ltr'>Scyllam</span> <span class='ocrx_word' id='word_1_5' title='bbox 219 395 249 447; x_wconf 90' lang='lat' dir='ltr'><strong>et</strong></span> <span class='ocrx_word' id='word_1_6' title='bbox 270 387 413 449; x_wconf 83' lang='lat' dir='ltr'><strong>caeruleis</strong></span> <span class='ocrx_word' id='word_1_7' title='bbox 435 388 558 448; x_wconf 91' lang='lat' dir='ltr'><strong>canibus</strong></span> <span class='ocrx_word' id='word_1_8' title='bbox 579 389 747 449; x_wconf 82' lang='lat' dir='ltr'><strong>resonantia</strong></span> <span class='ocrx_word' id='word_1_9' title='bbox 770 407 847 449; x_wconf 84' lang='lat' dir='ltr'><strong>saxa.</strong></span> 
     </span>
    </p>

    <p class='ocr_par' dir='ltr' id='par_1_3' title="bbox 64 472 840 553">
     <span class='ocr_line' id='line_1_3' title="bbox 64 472 840 553; baseline 0.005 -23"><span class='ocrx_word' id='word_1_10' title='bbox 64 479 234 550; x_wconf 83' lang='lat' dir='ltr'><strong>praeterea,</strong></span> <span class='ocrx_word' id='word_1_11' title='bbox 257 472 282 533; x_wconf 95' lang='lat' dir='ltr'><strong>si</strong></span> <span class='ocrx_word' id='word_1_12' title='bbox 305 491 362 552; x_wconf 93' lang='lat' dir='ltr'><strong>qua</strong></span> <span class='ocrx_word' id='word_1_13' title='bbox 386 480 430 533; x_wconf 89' lang='lat' dir='ltr'><strong>est</strong></span> <span class='ocrx_word' id='word_1_14' title='bbox 451 472 566 533; x_wconf 88' lang='lat' dir='ltr'><strong>Heleno</strong></span> <span class='ocrx_word' id='word_1_15' title='bbox 589 473 747 553; x_wconf 88' lang='lat' dir='ltr'><strong>prudentia</strong></span> <span class='ocrx_word' id='word_1_16' title='bbox 768 474 840 546; x_wconf 83' lang='lat' dir='ltr'><strong>vati,</strong></span> 
     </span>
    </p>

    <p class='ocr_par' dir='ltr' id='par_1_4' title="bbox 66 554 846 638">
     <span class='ocr_line' id='line_1_4' title="bbox 66 554 846 638; baseline 0.005 -23"><span class='ocrx_word' id='word_1_17' title='bbox 66 554 90 615; x_wconf 90' lang='lat' dir='ltr'><strong>si</strong></span> <span class='ocrx_word' id='word_1_18' title='bbox 114 573 172 632; x_wconf 92' lang='lat' dir='ltr'><strong>qua</strong></span> <span class='ocrx_word' id='word_1_19' title='bbox 195 556 284 631; x_wconf 84' lang='lat' dir='ltr'><strong>tides,</strong></span> <span class='ocrx_word' id='word_1_20' title='bbox 306 557 436 618; x_wconf 90' lang='lat' dir='ltr'><strong>animum</strong></span> <span class='ocrx_word' id='word_1_21' title='bbox 459 556 581 618; x_wconf 88' lang='lat' dir='ltr'><strong>siveris</strong></span> <span class='ocrx_word' id='word_1_22' title='bbox 603 558 705 638; x_wconf 87' lang='lat' dir='ltr'>implet</span> <span class='ocrx_word' id='word_1_23' title='bbox 726 558 846 637; x_wconf 75' lang='lat' dir='ltr'><strong>Apollo,</strong></span> 
     </span>
    </p>

    <p class='ocr_par' dir='ltr' id='par_1_5' title="bbox 65 640 1144 808">
     <span class='ocr_line' id='line_1_5' title="bbox 67 640 1144 739; baseline 0.006 -39"><span class='ocrx_word' id='word_1_24' title='bbox 67 658 161 700; x_wconf 92' lang='lat' dir='ltr'><strong>unum</strong></span> <span class='ocrx_word' id='word_1_25' title='bbox 185 640 255 702; x_wconf 95' lang='lat' dir='ltr'><strong>illud</strong></span> <span class='ocrx_word' id='word_1_26' title='bbox 278 641 349 716; x_wconf 90' lang='lat' dir='ltr'><strong>tibi,</strong></span> <span class='ocrx_word' id='word_1_27' title='bbox 373 650 440 703; x_wconf 92' lang='lat' dir='ltr'><strong>nate</strong></span> <span class='ocrx_word' id='word_1_28' title='bbox 462 642 532 716; x_wconf 92' lang='lat' dir='ltr'><strong>dea,</strong></span> <span class='ocrx_word' id='word_1_29' title='bbox 553 661 669 739; x_wconf 83' lang='lat' dir='ltr'><strong>proque</strong></span> <span class='ocrx_word' id='word_1_30' title='bbox 692 642 831 705; x_wconf 91' lang='lat' dir='ltr'><strong>omnibus</strong></span> <span class='ocrx_word' id='word_1_31' title='bbox 852 660 946 704; x_wconf 92' lang='lat' dir='ltr'><strong>unum</strong></span> <span class='ocrx_word' id='word_1_32' title='bbox 1101 655 1144 706; x_wconf 77' lang='lat'><strong>4³5</strong></span> 
     </span>
     <span class='ocr_line' id='line_1_6' title="bbox 65 724 992 824; baseline 0.005 -40"><span class='ocrx_word' id='word_1_33' title='bbox 65 724 235 805; x_wconf 81' lang='lat' dir='ltr'><strong>praedicam</strong></span> <span class='ocrx_word' id='word_1_34' title='bbox 257 736 287 788; x_wconf 91' lang='lat' dir='ltr'><strong>et</strong></span> <span class='ocrx_word' id='word_1_35' title='bbox 308 736 448 824; x_wconf 82' lang='lat' dir='ltr'><strong>repetens</strong></span> <span class='ocrx_word' id='word_1_36' title='bbox 470 727 638 806; x_wconf 78' lang='lat' dir='ltr'><strong>iterumque</strong></span> <span class='ocrx_word' id='word_1_37' title='bbox 659 728 825 807; x_wconf 85' lang='lat' dir='ltr'><strong>iterumque</strong></span> <span class='ocrx_word' id='word_1_38' title='bbox 848 729 992 791; x_wconf 89' lang='lat' dir='ltr'><strong>monebo:</strong></span> 
     </span>
    </p>

    <p class='ocr_par' dir='ltr' id='par_1_6' title="bbox 66 807 860 892">
     <span class='ocr_line' id='line_1_7' title="bbox 66 807 860 892; baseline 0.008 -25"><span class='ocrx_word' id='word_1_39' title='bbox 66 807 192 872; x_wconf 88' lang='lat' dir='ltr'><strong>Iunonis</strong></span> <span class='ocrx_word' id='word_1_40' title='bbox 214 830 338 891; x_wconf 85' lang='lat' dir='ltr'><strong>magnae</strong></span> <span class='ocrx_word' id='word_1_41' title='bbox 359 812 489 892; x_wconf 92' lang='lat' dir='ltr'><strong>primum</strong></span> <span class='ocrx_word' id='word_1_42' title='bbox 511 830 600 891; x_wconf 89' lang='lat' dir='ltr'><strong>prece</strong></span> <span class='ocrx_word' id='word_1_43' title='bbox 623 831 734 873; x_wconf 91' lang='lat' dir='ltr'><strong>numen</strong></span> <span class='ocrx_word' id='word_1_44' title='bbox 757 813 860 887; x_wconf 90' lang='lat' dir='ltr'><strong>adora,</strong></span> 
     </span>
    </p>
   </div>
   <div class='ocr_carea' id='block_1_3' title="bbox 60 892 976 3522">
    <p class='ocr_par' dir='ltr' id='par_1_7' title="bbox 60 892 976 3522">
     <span class='ocr_line' id='line_1_8' title="bbox 67 892 888 994; baseline 0.007 -41"><span class='ocrx_word' id='word_1_45' title='bbox 67 892 176 954; x_wconf 92' lang='lat' dir='ltr'><strong>lunoni</strong></span> <span class='ocrx_word' id='word_1_46' title='bbox 199 914 272 958; x_wconf 92' lang='lat' dir='ltr'><strong>cane</strong></span> <span class='ocrx_word' id='word_1_47' title='bbox 294 905 361 958; x_wconf 87' lang='lat' dir='ltr'><strong>rota</strong></span> <span class='ocrx_word' id='word_1_48' title='bbox 383 896 481 958; x_wconf 90' lang='lat' dir='ltr'><strong>libens</strong></span> <span class='ocrx_word' id='word_1_49' title='bbox 503 897 714 993; x_wconf 87' lang='lat' dir='ltr'><strong>dominamque</strong></span> <span class='ocrx_word' id='word_1_50' title='bbox 735 907 888 994; x_wconf 82' lang='lat' dir='ltr'><strong>potentem</strong></span> 
     </span>
     <span class='ocr_line' id='line_1_9' title="bbox 66 978 835 1063; baseline 0.005 -24"><span class='ocrx_word' id='word_1_51' title='bbox 66 978 251 1058; x_wconf 84' lang='lat' dir='ltr'><strong>supplicibus</strong></span> <span class='ocrx_word' id='word_1_52' title='bbox 272 1000 379 1063; x_wconf 90' lang='lat' dir='ltr'><strong>supera</strong></span> <span class='ocrx_word' id='word_1_53' title='bbox 402 981 503 1057; x_wconf 91' lang='lat' dir='ltr'><strong>donis;</strong></span> <span class='ocrx_word' id='word_1_54' title='bbox 526 982 568 1042; x_wconf 88' lang='lat' dir='ltr'><strong>sic</strong></span> <span class='ocrx_word' id='word_1_55' title='bbox 591 983 720 1062; x_wconf 91' lang='lat' dir='ltr'><strong>denique</strong></span> <span class='ocrx_word' id='word_1_56' title='bbox 741 983 835 1045; x_wconf 85' lang='lat' dir='ltr'><strong>victor</strong></span> 
     </span>
     <span class='ocr_line' id='line_1_10' title="bbox 65 1062 691 1129; baseline 0.008 -7"><span class='ocrx_word' id='word_1_57' title='bbox 65 1062 219 1127; x_wconf 85' lang='lat' dir='ltr'><strong>Trinacria</strong></span> <span class='ocrx_word' id='word_1_58' title='bbox 242 1067 310 1128; x_wconf 80' lang='lat' dir='ltr'><strong>linis</strong></span> <span class='ocrx_word' id='word_1_59' title='bbox 331 1067 419 1128; x_wconf 89' lang='lat' dir='ltr'><strong>Italos</strong></span> <span class='ocrx_word' id='word_1_60' title='bbox 441 1066 558 1128; x_wconf 89' lang='lat' dir='ltr'><strong>mittere</strong></span> <span class='ocrx_word' id='word_1_61' title='bbox 581 1066 691 1129; x_wconf 89' lang='lat' dir='ltr'><strong>relicta.</strong></span> 
     </span>
     <span class='ocr_line' id='line_1_11' title="bbox 65 1149 820 1213; baseline 0.003 -3"><span class='ocrx_word' id='word_1_62' title='bbox 65 1149 124 1211; x_wconf 89' lang='lat' dir='ltr'><strong>huc</strong></span> <span class='ocrx_word' id='word_1_63' title='bbox 147 1149 200 1211; x_wconf 90' lang='lat' dir='ltr'><strong>ubi</strong></span> <span class='ocrx_word' id='word_1_64' title='bbox 222 1151 335 1213; x_wconf 89' lang='lat' dir='ltr'><strong>delatus</strong></span> <span class='ocrx_word' id='word_1_65' title='bbox 358 1152 515 1213; x_wconf 86' lang='lat' dir='ltr'><strong>Cumaeam</strong></span> <span class='ocrx_word' id='word_1_66' title='bbox 536 1153 694 1213; x_wconf 88' lang='lat' dir='ltr'><strong>accesseris</strong></span> <span class='ocrx_word' id='word_1_67' title='bbox 716 1152 820 1212; x_wconf 93' lang='lat' dir='ltr'><strong>urbem</strong></span> 
     </span>
     <span class='ocr_line' id='line_1_12' title="bbox 66 1234 807 1315; baseline 0.003 -20"><span class='ocrx_word' id='word_1_68' title='bbox 66 1234 242 1315; x_wconf 88' lang='lat' dir='ltr'><strong>divinosque</strong></span> <span class='ocrx_word' id='word_1_69' title='bbox 263 1236 344 1299; x_wconf 86' lang='lat' dir='ltr'><strong>lacus</strong></span> <span class='ocrx_word' id='word_1_70' title='bbox 366 1245 397 1298; x_wconf 87' lang='lat' dir='ltr'><strong>et</strong></span> <span class='ocrx_word' id='word_1_71' title='bbox 417 1238 531 1297; x_wconf 79' lang='lat' dir='ltr'><strong>Averna</strong></span> <span class='ocrx_word' id='word_1_72' title='bbox 555 1237 690 1298; x_wconf 90' lang='lat' dir='ltr'><strong>sonantia</strong></span> <span class='ocrx_word' id='word_1_73' title='bbox 712 1235 807 1310; x_wconf 88' lang='lat' dir='ltr'><strong>silvis,</strong></span> 
     </span>
     <span class='ocr_line' id='line_1_13' title="bbox 65 1319 835 1401; baseline 0.003 -21"><span class='ocrx_word' id='word_1_74' title='bbox 65 1319 201 1381; x_wconf 89' lang='lat' dir='ltr'><strong>insanam</strong></span> <span class='ocrx_word' id='word_1_75' title='bbox 222 1329 317 1382; x_wconf 89' lang='lat' dir='ltr'><strong>vatem</strong></span> <span class='ocrx_word' id='word_1_76' title='bbox 339 1321 480 1401; x_wconf 88' lang='lat' dir='ltr'><strong>aspicies,</strong></span> <span class='ocrx_word' id='word_1_77' title='bbox 503 1338 579 1400; x_wconf 89' lang='lat' dir='ltr'><strong>quae</strong></span> <span class='ocrx_word' id='word_1_78' title='bbox 601 1339 676 1400; x_wconf 92' lang='lat' dir='ltr'><strong>rupe</strong></span> <span class='ocrx_word' id='word_1_79' title='bbox 698 1321 753 1382; x_wconf 93' lang='lat' dir='ltr'><strong>sub</strong></span> <span class='ocrx_word' id='word_1_80' title='bbox 777 1322 835 1383; x_wconf 90' lang='lat' dir='ltr'><strong>ima</strong></span> 
     </span>
     <span class='ocr_line' id='line_1_14' title="bbox 65 1403 839 1485; baseline 0.003 -21"><span class='ocrx_word' id='word_1_81' title='bbox 65 1403 122 1465; x_wconf 87' lang='lat' dir='ltr'><strong>lata</strong></span> <span class='ocrx_word' id='word_1_82' title='bbox 146 1405 228 1466; x_wconf 89' lang='lat' dir='ltr'><strong>canit</strong></span> <span class='ocrx_word' id='word_1_83' title='bbox 249 1406 386 1485; x_wconf 89' lang='lat' dir='ltr'><strong>loliisque</strong></span> <span class='ocrx_word' id='word_1_84' title='bbox 409 1414 494 1467; x_wconf 91' lang='lat' dir='ltr'><strong>notas</strong></span> <span class='ocrx_word' id='word_1_85' title='bbox 516 1415 546 1467; x_wconf 91' lang='lat' dir='ltr'><strong>et</strong></span> <span class='ocrx_word' id='word_1_86' title='bbox 568 1407 688 1467; x_wconf 91' lang='lat' dir='ltr'><strong>nomina</strong></span> <span class='ocrx_word' id='word_1_87' title='bbox 710 1408 839 1468; x_wconf 90' lang='lat' dir='ltr'><strong>mandat.</strong></span> 
     </span>
     <span class='ocr_line' id='line_1_15' title="bbox 65 1491 878 1571; baseline 0.004 -22"><span class='ocrx_word' id='word_1_88' title='bbox 65 1507 273 1570; x_wconf 92' lang='lat' dir='ltr'><strong>quaecumque</strong></span> <span class='ocrx_word' id='word_1_89' title='bbox 295 1492 326 1552; x_wconf 92' lang='lat' dir='ltr'><strong>in</strong></span> <span class='ocrx_word' id='word_1_90' title='bbox 349 1491 427 1552; x_wconf 86' lang='lat' dir='ltr'><strong>loliis</strong></span> <span class='ocrx_word' id='word_1_91' title='bbox 449 1491 605 1571; x_wconf 83' lang='lat' dir='ltr'><strong>descripsit</strong></span> <span class='ocrx_word' id='word_1_92' title='bbox 626 1491 757 1552; x_wconf 91' lang='lat' dir='ltr'><strong>carmina</strong></span> <span class='ocrx_word' id='word_1_93' title='bbox 778 1491 878 1569; x_wconf 79' lang='lat' dir='ltr'><strong>virgo,</strong></span> 
     </span>
     <span class='ocr_line' id='line_1_16' title="bbox 64 1574 943 1655; baseline 0.005 -21"><span class='ocrx_word' id='word_1_94' title='bbox 64 1574 174 1653; x_wconf 79' lang='lat' dir='ltr'><strong>digerit</strong></span> <span class='ocrx_word' id='word_1_95' title='bbox 195 1575 226 1635; x_wconf 94' lang='lat' dir='ltr'><strong>in</strong></span> <span class='ocrx_word' id='word_1_96' title='bbox 250 1594 408 1638; x_wconf 87' lang='lat' dir='ltr'><strong>numerum</strong></span> <span class='ocrx_word' id='word_1_97' title='bbox 430 1584 519 1655; x_wconf 91' lang='lat' dir='ltr'><strong>atque</strong></span> <span class='ocrx_word' id='word_1_98' title='bbox 541 1585 628 1638; x_wconf 93' lang='lat' dir='ltr'><strong>antro</strong></span> <span class='ocrx_word' id='word_1_99' title='bbox 649 1577 764 1638; x_wconf 90' lang='lat' dir='ltr'><strong>seclusa</strong></span> <span class='ocrx_word' id='word_1_100' title='bbox 785 1577 943 1655; x_wconf 91' lang='lat' dir='ltr'><strong>relinquit;</strong></span> 
     </span>
     <span class='ocr_line' id='line_1_17' title="bbox 63 1658 942 1739; baseline 0.003 -20"><span class='ocrx_word' id='word_1_101' title='bbox 63 1658 113 1719; x_wconf 88' lang='lat' dir='ltr'><strong>illa</strong></span> <span class='ocrx_word' id='word_1_102' title='bbox 135 1668 259 1722; x_wconf 89' lang='lat' dir='ltr'><strong>manent</strong></span> <span class='ocrx_word' id='word_1_103' title='bbox 280 1661 399 1722; x_wconf 92' lang='lat' dir='ltr'><strong>immota</strong></span> <span class='ocrx_word' id='word_1_104' title='bbox 420 1661 494 1722; x_wconf 87' lang='lat' dir='ltr'><strong>locis</strong></span> <span class='ocrx_word' id='word_1_105' title='bbox 517 1679 614 1739; x_wconf 89' lang='lat' dir='ltr'><strong>neque</strong></span> <span class='ocrx_word' id='word_1_106' title='bbox 636 1660 672 1721; x_wconf 96' lang='lat' dir='ltr'><strong>ab</strong></span> <span class='ocrx_word' id='word_1_107' title='bbox 697 1662 801 1723; x_wconf 90' lang='lat' dir='ltr'><strong>ordine</strong></span> <span class='ocrx_word' id='word_1_108' title='bbox 824 1663 942 1722; x_wconf 90' lang='lat' dir='ltr'><strong>cedunt.</strong></span> 
     </span>
     <span class='ocr_line' id='line_1_18' title="bbox 62 1745 896 1822; baseline 0.006 -19"><span class='ocrx_word' id='word_1_109' title='bbox 62 1761 167 1805; x_wconf 85' lang='lat' dir='ltr'><strong>verum</strong></span> <span class='ocrx_word' id='word_1_110' title='bbox 191 1745 307 1822; x_wconf 92' lang='lat' dir='ltr'><strong>eadem,</strong></span> <span class='ocrx_word' id='word_1_111' title='bbox 329 1765 414 1808; x_wconf 83' lang='lat' dir='ltr'><strong>verso</strong></span> <span class='ocrx_word' id='word_1_112' title='bbox 437 1746 536 1807; x_wconf 92' lang='lat' dir='ltr'><strong>tenuis</strong></span> <span class='ocrx_word' id='word_1_113' title='bbox 558 1764 625 1807; x_wconf 92' lang='lat' dir='ltr'><strong>cum</strong></span> <span class='ocrx_word' id='word_1_114' title='bbox 648 1746 768 1807; x_wconf 89' lang='lat' dir='ltr'><strong>cardine</strong></span> <span class='ocrx_word' id='word_1_115' title='bbox 789 1755 896 1808; x_wconf 87' lang='lat' dir='ltr'><strong>ventus</strong></span> 
     </span>
     <span class='ocr_line' id='line_1_19' title="bbox 63 1829 791 1910; baseline 0.003 -19"><span class='ocrx_word' id='word_1_116' title='bbox 63 1829 183 1910; x_wconf 91' lang='lat' dir='ltr'><strong>impulit</strong></span> <span class='ocrx_word' id='word_1_117' title='bbox 205 1841 235 1892; x_wconf 88' lang='lat' dir='ltr'><strong>et</strong></span> <span class='ocrx_word' id='word_1_118' title='bbox 256 1838 374 1893; x_wconf 87' lang='lat' dir='ltr'><strong>teneras</strong></span> <span class='ocrx_word' id='word_1_119' title='bbox 394 1830 552 1893; x_wconf 85' lang='lat' dir='ltr'><strong>turbavit</strong></span> <span class='ocrx_word' id='word_1_120' title='bbox 544 1849 633 1892; x_wconf 89' lang='lat' dir='ltr'><strong>ranna</strong></span> <span class='ocrx_word' id='word_1_121' title='bbox 654 1832 791 1903; x_wconf 82' lang='lat' dir='ltr'><strong>frondes,</strong></span> 
     </span>
     <span class='ocr_line' id='line_1_20' title="bbox 63 1915 888 2013; baseline -0.001 -37"><span class='ocrx_word' id='word_1_122' title='bbox 63 1932 228 1992; x_wconf 86' lang='lat' dir='ltr'><strong>numquam</strong></span> <span class='ocrx_word' id='word_1_123' title='bbox 252 1915 360 1978; x_wconf 88' lang='lat' dir='ltr'><strong>deinde</strong></span> <span class='ocrx_word' id='word_1_124' title='bbox 382 1935 453 1978; x_wconf 88' lang='lat' dir='ltr'><strong>cavo</strong></span> <span class='ocrx_word' id='word_1_125' title='bbox 475 1916 625 1977; x_wconf 82' lang='lat' dir='ltr'><strong>volitantia</strong></span> <span class='ocrx_word' id='word_1_126' title='bbox 648 1916 796 2013; x_wconf 83' lang='lat' dir='ltr'><strong>prendere</strong></span> <span class='ocrx_word' id='word_1_127' title='bbox 818 1934 888 1976; x_wconf 83' lang='lat' dir='ltr'><strong>saxo</strong></span> 
     </span>
     <span class='ocr_line' id='line_1_21' title="bbox 64 2001 868 2080; baseline 0 -19"><span class='ocrx_word' id='word_1_128' title='bbox 64 2017 123 2061; x_wconf 90' lang='lat' dir='ltr'><strong>nec</strong></span> <span class='ocrx_word' id='word_1_129' title='bbox 144 2017 284 2062; x_wconf 86' lang='lat' dir='ltr'><strong>revocare</strong></span> <span class='ocrx_word' id='word_1_130' title='bbox 307 2001 381 2063; x_wconf 89' lang='lat' dir='ltr'><strong>situs</strong></span> <span class='ocrx_word' id='word_1_131' title='bbox 403 2009 454 2063; x_wconf 93' lang='lat' dir='ltr'><strong>aut</strong></span> <span class='ocrx_word' id='word_1_132' title='bbox 475 2001 599 2080; x_wconf 79' lang='lat' dir='ltr'><strong>iungere</strong></span> <span class='ocrx_word' id='word_1_133' title='bbox 621 2001 753 2062; x_wconf 87' lang='lat' dir='ltr'><strong>carmina</strong></span> <span class='ocrx_word' id='word_1_134' title='bbox 776 2009 868 2061; x_wconf 92' lang='lat' dir='ltr'><strong>curat.</strong></span> 
     </span>
     <span class='ocr_line' id='line_1_22' title="bbox 63 2084 815 2165; baseline -0.001 -20"><span class='ocrx_word' id='word_1_135' title='bbox 63 2084 228 2146; x_wconf 89' lang='lat' dir='ltr'><strong>inconsulti</strong></span> <span class='ocrx_word' id='word_1_136' title='bbox 251 2085 362 2147; x_wconf 91' lang='lat' dir='ltr'><strong>abeunt</strong></span> <span class='ocrx_word' id='word_1_137' title='bbox 383 2086 543 2165; x_wconf 88' lang='lat' dir='ltr'><strong>sedemque</strong></span> <span class='ocrx_word' id='word_1_138' title='bbox 566 2087 656 2147; x_wconf 90' lang='lat' dir='ltr'><strong>odere</strong></span> <span class='ocrx_word' id='word_1_139' title='bbox 678 2085 815 2165; x_wconf 78' lang='lat' dir='ltr'><strong>Sibyllae.</strong></span> 
     </span>
     <span class='ocr_line' id='line_1_23' title="bbox 63 2168 874 2251; baseline -0.001 -21"><span class='ocrx_word' id='word_1_140' title='bbox 63 2169 115 2230; x_wconf 90' lang='lat' dir='ltr'><strong>hic</strong></span> <span class='ocrx_word' id='word_1_141' title='bbox 136 2168 191 2232; x_wconf 91' lang='lat' dir='ltr'><strong>tibi</strong></span> <span class='ocrx_word' id='word_1_142' title='bbox 214 2188 252 2232; x_wconf 94' lang='lat' dir='ltr'><strong>ne</strong></span> <span class='ocrx_word' id='word_1_143' title='bbox 275 2189 333 2251; x_wconf 92' lang='lat' dir='ltr'><strong>qua</strong></span> <span class='ocrx_word' id='word_1_144' title='bbox 355 2188 457 2231; x_wconf 90' lang='lat' dir='ltr'><strong>morae</strong></span> <span class='ocrx_word' id='word_1_145' title='bbox 478 2170 590 2232; x_wconf 89' lang='lat' dir='ltr'><strong>luerint</strong></span> <span class='ocrx_word' id='word_1_146' title='bbox 612 2170 763 2250; x_wconf 89' lang='lat' dir='ltr'><strong>dispendia</strong></span> <span class='ocrx_word' id='word_1_147' title='bbox 784 2169 874 2242; x_wconf 82' lang='lat' dir='ltr'><strong>tanti,</strong></span> 
     </span>
     <span class='ocr_line' id='line_1_24' title="bbox 64 2253 890 2335; baseline 0.002 -23"><span class='ocrx_word' id='word_1_148' title='bbox 64 2254 200 2334; x_wconf 88' lang='lat' dir='ltr'><strong>quamvis</strong></span> <span class='ocrx_word' id='word_1_149' title='bbox 222 2254 402 2335; x_wconf 84' lang='lat' dir='ltr'><strong>increpitent</strong></span> <span class='ocrx_word' id='word_1_150' title='bbox 423 2254 495 2317; x_wconf 90' lang='lat' dir='ltr'><strong>socii</strong></span> <span class='ocrx_word' id='word_1_151' title='bbox 518 2263 548 2317; x_wconf 89' lang='lat' dir='ltr'><strong>et</strong></span> <span class='ocrx_word' id='word_1_152' title='bbox 568 2255 595 2315; x_wconf 88' lang='lat' dir='ltr'><strong>vi</strong></span> <span class='ocrx_word' id='word_1_153' title='bbox 618 2273 724 2316; x_wconf 90' lang='lat' dir='ltr'><strong>cursus</strong></span> <span class='ocrx_word' id='word_1_154' title='bbox 745 2255 776 2315; x_wconf 94' lang='lat' dir='ltr'><strong>in</strong></span> <span class='ocrx_word' id='word_1_155' title='bbox 800 2253 890 2315; x_wconf 90' lang='lat' dir='ltr'><strong>altum</strong></span> 
     </span>
     <span class='ocr_line' id='line_1_25' title="bbox 61 2339 846 2419; baseline 0.001 -20"><span class='ocrx_word' id='word_1_156' title='bbox 61 2339 128 2400; x_wconf 87' lang='lat' dir='ltr'><strong>vela</strong></span> <span class='ocrx_word' id='word_1_157' title='bbox 150 2348 236 2400; x_wconf 88' lang='lat' dir='ltr'><strong>vocet</strong></span> <span class='ocrx_word' id='word_1_158' title='bbox 257 2341 412 2419; x_wconf 86' lang='lat' dir='ltr'><strong>possisque</strong></span> <span class='ocrx_word' id='word_1_159' title='bbox 433 2340 518 2401; x_wconf 91' lang='lat' dir='ltr'><strong>sinus</strong></span> <span class='ocrx_word' id='word_1_160' title='bbox 539 2340 662 2419; x_wconf 89' lang='lat' dir='ltr'><strong>implere</strong></span> <span class='ocrx_word' id='word_1_161' title='bbox 684 2340 846 2414; x_wconf 87' lang='lat' dir='ltr'><strong>secundos,</strong></span> 
     </span>
     <span class='ocr_line' id='line_1_26' title="bbox 62 2423 865 2504; baseline -0.004 -18"><span class='ocrx_word' id='word_1_162' title='bbox 62 2423 139 2503; x_wconf 93' lang='lat' dir='ltr'><strong>quin</strong></span> <span class='ocrx_word' id='word_1_163' title='bbox 163 2425 249 2486; x_wconf 90' lang='lat' dir='ltr'><strong>adeas</strong></span> <span class='ocrx_word' id='word_1_164' title='bbox 270 2432 363 2486; x_wconf 89' lang='lat' dir='ltr'><strong>vatem</strong></span> <span class='ocrx_word' id='word_1_165' title='bbox 386 2424 587 2504; x_wconf 88' lang='lat' dir='ltr'><strong>precibusque</strong></span> <span class='ocrx_word' id='word_1_166' title='bbox 609 2425 729 2486; x_wconf 90' lang='lat' dir='ltr'><strong>oracula</strong></span> <span class='ocrx_word' id='word_1_167' title='bbox 751 2441 865 2504; x_wconf 89' lang='lat' dir='ltr'><strong>poscas.</strong></span> 
     </span>
     <span class='ocr_line' id='line_1_27' title="bbox 61 2508 885 2589; baseline -0.001 -20"><span class='ocrx_word' id='word_1_168' title='bbox 61 2508 130 2589; x_wconf 90' lang='lat' dir='ltr'><strong>ipsa</strong></span> <span class='ocrx_word' id='word_1_169' title='bbox 152 2518 239 2570; x_wconf 90' lang='lat' dir='ltr'><strong>canat</strong></span> <span class='ocrx_word' id='word_1_170' title='bbox 260 2528 422 2588; x_wconf 88' lang='lat' dir='ltr'><strong>vocemque</strong></span> <span class='ocrx_word' id='word_1_171' title='bbox 442 2510 544 2571; x_wconf 86' lang='lat' dir='ltr'><strong>volens</strong></span> <span class='ocrx_word' id='word_1_172' title='bbox 567 2518 655 2588; x_wconf 88' lang='lat' dir='ltr'><strong>atque</strong></span> <span class='ocrx_word' id='word_1_173' title='bbox 678 2527 729 2571; x_wconf 90' lang='lat' dir='ltr'><strong>ora</strong></span> <span class='ocrx_word' id='word_1_174' title='bbox 751 2508 885 2571; x_wconf 87' lang='lat' dir='ltr'><strong>resolvat.</strong></span> 
     </span>
     <span class='ocr_line' id='line_1_28' title="bbox 61 2593 761 2675; baseline 0.001 -22"><span class='ocrx_word' id='word_1_175' title='bbox 61 2593 113 2654; x_wconf 93' lang='lat' dir='ltr'><strong>illa</strong></span> <span class='ocrx_word' id='word_1_176' title='bbox 135 2593 189 2654; x_wconf 93' lang='lat' dir='ltr'><strong>tibi</strong></span> <span class='ocrx_word' id='word_1_177' title='bbox 211 2594 309 2656; x_wconf 89' lang='lat' dir='ltr'><strong>ltaliae</strong></span> <span class='ocrx_word' id='word_1_178' title='bbox 331 2593 459 2675; x_wconf 92' lang='lat' dir='ltr'><strong>populos</strong></span> <span class='ocrx_word' id='word_1_179' title='bbox 480 2604 664 2672; x_wconf 90' lang='lat' dir='ltr'><strong>venturaque</strong></span> <span class='ocrx_word' id='word_1_180' title='bbox 686 2593 761 2654; x_wconf 91' lang='lat' dir='ltr'><strong>bella</strong></span> 
     </span>
     <span class='ocr_line' id='line_1_29' title="bbox 61 2677 965 2759; baseline -0.001 -21"><span class='ocrx_word' id='word_1_181' title='bbox 61 2687 94 2739; x_wconf 91' lang='lat' dir='ltr'><strong>et</strong></span> <span class='ocrx_word' id='word_1_182' title='bbox 118 2696 177 2757; x_wconf 93' lang='lat' dir='ltr'><strong>quo</strong></span> <span class='ocrx_word' id='word_1_183' title='bbox 200 2697 349 2759; x_wconf 88' lang='lat' dir='ltr'><strong>quemque</strong></span> <span class='ocrx_word' id='word_1_184' title='bbox 371 2678 460 2740; x_wconf 92' lang='lat' dir='ltr'><strong>modo</strong></span> <span class='ocrx_word' id='word_1_185' title='bbox 483 2679 637 2759; x_wconf 79' lang='lat' dir='ltr'><strong>fugiasque</strong></span> <span class='ocrx_word' id='word_1_186' title='bbox 659 2680 795 2758; x_wconf 85' lang='lat' dir='ltr'><strong>ferasque</strong></span> <span class='ocrx_word' id='word_1_187' title='bbox 817 2677 965 2752; x_wconf 86' lang='lat' dir='ltr'><strong>laborem,</strong></span> 
     </span>
     <span class='ocr_line' id='line_1_30' title="bbox 62 2763 830 2844; baseline 0 -20"><span class='ocrx_word' id='word_1_188' title='bbox 62 2763 203 2842; x_wconf 82' lang='lat' dir='ltr'><strong>expediet</strong></span> <span class='ocrx_word' id='word_1_189' title='bbox 224 2780 388 2844; x_wconf 87' lang='lat' dir='ltr'><strong>cursusque</strong></span> <span class='ocrx_word' id='word_1_190' title='bbox 410 2763 491 2825; x_wconf 92' lang='lat' dir='ltr'><strong>dabit</strong></span> <span class='ocrx_word' id='word_1_191' title='bbox 512 2773 650 2825; x_wconf 86' lang='lat' dir='ltr'><strong>venerata</strong></span> <span class='ocrx_word' id='word_1_192' title='bbox 672 2764 830 2826; x_wconf 88' lang='lat' dir='ltr'><strong>secundos.</strong></span> 
     </span>
     <span class='ocr_line' id='line_1_31' title="bbox 62 2847 868 2928; baseline -0.001 -20"><span class='ocrx_word' id='word_1_193' title='bbox 62 2847 137 2908; x_wconf 89' lang='lat' dir='ltr'><strong>baec</strong></span> <span class='ocrx_word' id='word_1_194' title='bbox 159 2858 247 2924; x_wconf 90' lang='lat' dir='ltr'><strong>sunt,</strong></span> <span class='ocrx_word' id='word_1_195' title='bbox 270 2867 345 2928; x_wconf 91' lang='lat' dir='ltr'><strong>quae</strong></span> <span class='ocrx_word' id='word_1_196' title='bbox 368 2857 469 2910; x_wconf 88' lang='lat' dir='ltr'><strong>nostra</strong></span> <span class='ocrx_word' id='word_1_197' title='bbox 491 2848 578 2910; x_wconf 88' lang='lat' dir='ltr'><strong>bceat</strong></span> <span class='ocrx_word' id='word_1_198' title='bbox 599 2857 629 2910; x_wconf 92' lang='lat' dir='ltr'><strong>te</strong></span> <span class='ocrx_word' id='word_1_199' title='bbox 649 2867 721 2910; x_wconf 83' lang='lat' dir='ltr'><strong>voce</strong></span> <span class='ocrx_word' id='word_1_200' title='bbox 743 2848 868 2910; x_wconf 87' lang='lat' dir='ltr'><strong>moneri.</strong></span> 
     </span>
     <span class='ocr_line' id='line_1_32' title="bbox 60 2925 974 3013; baseline 0 -21"><span class='ocrx_word' id='word_1_201' title='bbox 60 2932 136 2993; x_wconf 88' lang='lat' dir='ltr'><strong>vade</strong></span> <span class='ocrx_word' id='word_1_202' title='bbox 158 2949 212 3012; x_wconf 86' lang='lat' dir='ltr'><strong>age</strong></span> <span class='ocrx_word' id='word_1_203' title='bbox 234 2942 264 2995; x_wconf 92' lang='lat' dir='ltr'><strong>et</strong></span> <span class='ocrx_word' id='word_1_204' title='bbox 284 2934 438 3013; x_wconf 84' lang='lat' dir='ltr'><strong>ingentem</strong></span> <span class='ocrx_word' id='word_1_205' title='bbox 460 2934 544 2995; x_wconf 90' lang='lat' dir='ltr'><strong>lactis</strong></span> <span class='ocrx_word' id='word_1_206' title='bbox 566 2934 611 2994; x_wconf 86' lang='lat' dir='ltr'><strong>lor</strong></span> <span class='ocrx_word' id='word_1_207' title='bbox 633 2934 668 2995; x_wconf 92' lang='lat' dir='ltr'><strong>ad</strong></span> <span class='ocrx_word' id='word_1_208' title='bbox 691 2933 809 2994; x_wconf 87' lang='lat' dir='ltr'><strong>aethera</strong></span> <span class='ocrx_word' id='word_1_209' title='bbox 831 2925 974 2993; x_wconf 72' lang='lat' dir='ltr'><strong>Troiam.²</strong></span> 
     </span>
     <span class='ocr_line' id='line_1_33' title="bbox 151 3017 976 3098; baseline -0.001 -20"><span class='ocrx_word' id='word_1_210' title='bbox 151 3017 232 3089; x_wconf 84' lang='lat' dir='ltr'><strong>Quae</strong></span> <span class='ocrx_word' id='word_1_211' title='bbox 254 3027 411 3098; x_wconf 89' lang='lat' dir='ltr'><strong>postquam</strong></span> <span class='ocrx_word' id='word_1_212' title='bbox 434 3026 514 3080; x_wconf 89' lang='lat' dir='ltr'><strong>vates</strong></span> <span class='ocrx_word' id='word_1_213' title='bbox 535 3018 578 3080; x_wconf 89' lang='lat' dir='ltr'><strong>sic</strong></span> <span class='ocrx_word' id='word_1_214' title='bbox 601 3036 652 3080; x_wconf 91' lang='lat' dir='ltr'><strong>oro</strong></span> <span class='ocrx_word' id='word_1_215' title='bbox 674 3019 779 3079; x_wconf 89' lang='lat' dir='ltr'><strong>ellatus</strong></span> <span class='ocrx_word' id='word_1_216' title='bbox 801 3017 894 3078; x_wconf 90' lang='lat' dir='ltr'><strong>amico</strong></span> <span class='ocrx_word' id='word_1_217' title='bbox 918 3025 976 3088; x_wconf 88' lang='lat' dir='ltr'><strong>est,</strong></span> 
     </span>
     <span class='ocr_line' id='line_1_34' title="bbox 61 3101 834 3182; baseline 0.001 -20"><span class='ocrx_word' id='word_1_218' title='bbox 61 3101 143 3163; x_wconf 87' lang='lat' dir='ltr'><strong>dona</strong></span> <span class='ocrx_word' id='word_1_219' title='bbox 167 3102 275 3164; x_wconf 88' lang='lat' dir='ltr'><strong>debinc</strong></span> <span class='ocrx_word' id='word_1_220' title='bbox 296 3121 369 3163; x_wconf 88' lang='lat' dir='ltr'><strong>auro</strong></span> <span class='ocrx_word' id='word_1_221' title='bbox 392 3103 490 3182; x_wconf 79' lang='lat' dir='ltr'><strong>gratia</strong></span> <span class='ocrx_word' id='word_1_222' title='bbox 511 3113 652 3182; x_wconf 90' lang='lat' dir='ltr'><strong>sectoque</strong></span> <span class='ocrx_word' id='word_1_223' title='bbox 675 3103 834 3182; x_wconf 87' lang='lat' dir='ltr'><strong>elephanto</strong></span> 
     </span>
     <span class='ocr_line' id='line_1_35' title="bbox 62 3186 749 3268; baseline 0.003 -21"><span class='ocrx_word' id='word_1_224' title='bbox 62 3187 192 3266; x_wconf 88' lang='lat' dir='ltr'><strong>imperat</strong></span> <span class='ocrx_word' id='word_1_225' title='bbox 214 3186 250 3247; x_wconf 94' lang='lat' dir='ltr'><strong>ad</strong></span> <span class='ocrx_word' id='word_1_226' title='bbox 274 3188 355 3250; x_wconf 82' lang='lat' dir='ltr'><strong>naris</strong></span> <span class='ocrx_word' id='word_1_227' title='bbox 377 3187 448 3249; x_wconf 80' lang='lat' dir='ltr'><strong>terri</strong></span> <span class='ocrx_word' id='word_1_228' title='bbox 470 3188 617 3268; x_wconf 88' lang='lat' dir='ltr'><strong>stipatque</strong></span> <span class='ocrx_word' id='word_1_229' title='bbox 639 3188 749 3249; x_wconf 89' lang='lat' dir='ltr'><strong>carinis</strong></span> 
     </span>
     <span class='ocr_line' id='line_1_36' title="bbox 60 3271 753 3352; baseline 0.001 -19"><span class='ocrx_word' id='word_1_230' title='bbox 60 3272 172 3350; x_wconf 82' lang='lat' dir='ltr'><strong>ingens</strong></span> <span class='ocrx_word' id='word_1_231' title='bbox 194 3279 350 3351; x_wconf 80' lang='lat' dir='ltr'><strong>argentum</strong></span> <span class='ocrx_word' id='word_1_232' title='bbox 373 3271 606 3352; x_wconf 87' lang='lat' dir='ltr'><strong>Dodonaeosque</strong></span> <span class='ocrx_word' id='word_1_233' title='bbox 628 3271 753 3345; x_wconf 84' lang='lat' dir='ltr'><strong>lebetas,</strong></span> 
     </span>
     <span class='ocr_line' id='line_1_37' title="bbox 61 3356 797 3437; baseline 0 -20"><span class='ocrx_word' id='word_1_234' title='bbox 61 3356 186 3417; x_wconf 85' lang='lat' dir='ltr'><strong>loricam</strong></span> <span class='ocrx_word' id='word_1_235' title='bbox 209 3365 378 3431; x_wconf 84' lang='lat' dir='ltr'><strong>consertam</strong></span> <span class='ocrx_word' id='word_1_236' title='bbox 400 3357 494 3419; x_wconf 92' lang='lat' dir='ltr'><strong>hamis</strong></span> <span class='ocrx_word' id='word_1_237' title='bbox 516 3375 650 3437; x_wconf 90' lang='lat' dir='ltr'><strong>auroque</strong></span> <span class='ocrx_word' id='word_1_238' title='bbox 673 3356 797 3419; x_wconf 88' lang='lat' dir='ltr'><strong>trilicem</strong></span> 
     </span>
     <span class='ocr_line' id='line_1_38' title="bbox 61 3441 865 3522; baseline 0 -21"><span class='ocrx_word' id='word_1_239' title='bbox 61 3450 93 3502; x_wconf 89' lang='lat' dir='ltr'><strong>et</strong></span> <span class='ocrx_word' id='word_1_240' title='bbox 115 3458 225 3502; x_wconf 91' lang='lat' dir='ltr'><strong>conum</strong></span> <span class='ocrx_word' id='word_1_241' title='bbox 248 3441 375 3522; x_wconf 81' lang='lat' dir='ltr'><strong>insignis</strong></span> <span class='ocrx_word' id='word_1_242' title='bbox 396 3441 496 3520; x_wconf 80' lang='lat' dir='ltr'><strong>galeae</strong></span> <span class='ocrx_word' id='word_1_243' title='bbox 518 3442 681 3521; x_wconf 88' lang='lat' dir='ltr'><strong>cristasque</strong></span> <span class='ocrx_word' id='word_1_244' title='bbox 704 3441 865 3514; x_wconf 88' lang='lat' dir='ltr'><strong>comantis,</strong></span> 
     </span>
    </p>
   </div>
   <div class='ocr_carea' id='block_1_4' title="bbox 60 3603 1141 3946">
    <p class='ocr_par' dir='ltr' id='par_1_8' title="bbox 60 3603 1141 3946">
     <span class='ocr_line' id='line_1_39' title="bbox 147 3603 1141 3670; baseline -0.005 -11"><span class='ocrx_word' id='word_1_245' title='bbox 147 3608 199 3662; x_wconf 79' lang='grc'><strong>433</strong></span> <span class='ocrx_word' id='word_1_246' title='bbox 218 3612 278 3660; x_wconf 81' lang='lat' dir='ltr'><strong>ante</strong></span> <span class='ocrx_word' id='word_1_247' title='bbox 295 3612 354 3660; x_wconf 81' lang='lat' dir='ltr'><strong>eati</strong></span> <span class='ocrx_word' id='word_1_248' title='bbox 371 3607 430 3662; x_wconf 87' lang='lat' dir='ltr'><strong>dist.</strong></span> <span class='ocrx_word' id='word_1_249' title='bbox 443 3606 531 3670; x_wconf 56' lang='lat' dir='ltr'><strong>Ribbq</strong></span> <span class='ocrx_word' id='word_1_250' title='bbox 525 3607 578 3660; x_wconf 89' lang='lat' dir='ltr'><strong>·ci.</strong></span> <span class='ocrx_word' id='word_1_251' title='bbox 591 3606 661 3660; x_wconf 87' lang='lat' dir='ltr'><strong>Serv.</strong></span> <span class='ocrx_word' id='word_1_252' title='bbox 722 3610 771 3660; x_wconf 86' lang='grc'><strong>448</strong></span> <span class='ocrx_word' id='word_1_253' title='bbox 790 3610 881 3659; x_wconf 77' lang='lat' dir='ltr'><strong>ventor</strong></span> <span class='ocrx_word' id='word_1_254' title='bbox 899 3603 973 3656; x_wconf 78' lang='lat' dir='ltr'><strong>cunr.</strong></span> <span class='ocrx_word' id='word_1_255' title='bbox 994 3605 1068 3668; x_wconf 76' lang='lat'>1887,</span> <span class='ocrx_word' id='word_1_256' title='bbox 1082 3604 1141 3655; x_wconf 81' lang='lat'><strong>271.</strong></span> 
     </span>
     <span class='ocr_line' id='line_1_40' title="bbox 60 3671 1137 3741; baseline -0.006 -13"><span class='ocrx_word' id='word_1_257' title='bbox 60 3677 111 3729; x_wconf 77' lang='lat' dir='ltr'><strong>rte</strong></span> <span class='ocrx_word' id='word_1_258' title='bbox 128 3677 224 3741; x_wconf 71' lang='lat' dir='ltr'><strong>ianm]</strong></span> <span class='ocrx_word' id='word_1_259' title='bbox 241 3677 353 3739; x_wconf 66' lang='lat' dir='ltr'><strong>Mutine</strong></span> <span class='ocrx_word' id='word_1_260' title='bbox 374 3675 480 3729; x_wconf 81' lang='lat' dir='ltr'><strong>Schrsd.</strong></span> <span class='ocrx_word' id='word_1_261' title='bbox 578 3681 637 3729; x_wconf 83' lang='lat' dir='ltr'><strong>ante</strong></span> <span class='ocrx_word' id='word_1_262' title='bbox 655 3677 705 3729; x_wconf 82' lang='grc'><strong>452</strong></span> <span class='ocrx_word' id='word_1_263' title='bbox 723 3674 789 3730; x_wconf 86' lang='lat' dir='ltr'><strong>ll..J</strong></span> <span class='ocrx_word' id='word_1_264' title='bbox 807 3673 892 3726; x_wconf 82' lang='lat' dir='ltr'><strong>Hellen</strong></span> <span class='ocrx_word' id='word_1_265' title='bbox 910 3671 975 3725; x_wconf 89' lang='lat' dir='ltr'><strong>Phil.</strong></span> <span class='ocrx_word' id='word_1_266' title='bbox 997 3671 1070 3734; x_wconf 82' lang='grc'>1886,</span> <span class='ocrx_word' id='word_1_267' title='bbox 1088 3671 1137 3722; x_wconf 83' lang='grc'><strong>683</strong></span> 
     </span>
     <span class='ocr_line' id='line_1_41' title="bbox 62 3741 1140 3810; baseline -0.005 -16"><span class='ocrx_word' id='word_1_268' title='bbox 62 3741 188 3796; x_wconf 79' lang='lat' dir='ltr'><strong>excidisse</strong></span> <span class='ocrx_word' id='word_1_269' title='bbox 209 3747 285 3810; x_wconf 80' lang='lat' dir='ltr'><strong>putet</strong></span> <span class='ocrx_word' id='word_1_270' title='bbox 302 3743 370 3796; x_wconf 86' lang='lat' dir='ltr'><strong>bunc</strong></span> <span class='ocrx_word' id='word_1_271' title='bbox 393 3742 446 3797; x_wconf 84' lang='lat' dir='ltr'><strong>lere</strong></span> <span class='ocrx_word' id='word_1_272' title='bbox 463 3757 577 3796; x_wconf 85' lang='lat' dir='ltr'><strong>versum:</strong></span> <span class='ocrx_word' id='word_1_273' title='bbox 604 3748 631 3795; x_wconf 84' lang='lat' dir='ltr'><strong>et</strong></span> <span class='ocrx_word' id='word_1_274' title='bbox 650 3746 697 3810; x_wconf 82' lang='lat' dir='ltr'><strong>qut</strong></span> <span class='ocrx_word' id='word_1_275' title='bbox 714 3748 772 3795; x_wconf 83' lang='lat' dir='ltr'><strong>tum</strong></span> <span class='ocrx_word' id='word_1_276' title='bbox 788 3744 901 3794; x_wconf 82' lang='lat' dir='ltr'><strong>veniunt</strong></span> <span class='ocrx_word' id='word_1_277' title='bbox 918 3741 995 3793; x_wconf 81' lang='lat' dir='ltr'><strong>donis</strong></span> <span class='ocrx_word' id='word_1_278' title='bbox 1013 3753 1140 3806; x_wconf 69' lang='lat' dir='ltr'><strong>responsa</strong></span> 
     </span>
     <span class='ocr_line' id='line_1_42' title="bbox 60 3805 1141 3928; baseline -0.006 -66"><span class='ocrx_word' id='word_1_279' title='bbox 60 3814 185 3928; x_wconf 58' lang='lat' dir='ltr'><strong>quantes.</strong></span> <span class='ocrx_word' id='word_1_280' title='bbox 256 3814 305 3865; x_wconf 79' lang='grc'><strong>460</strong></span> <span class='ocrx_word' id='word_1_281' title='bbox 324 3812 499 3877; x_wconf 66' lang='lat' dir='ltr'><strong>sacerdtem,</strong></span> <span class='ocrx_word' id='word_1_282' title='bbox 517 3809 601 3865; x_wconf 85' lang='lat' dir='ltr'><strong>Bentl.</strong></span> <span class='ocrx_word' id='word_1_283' title='bbox 682 3812 849 3877; x_wconf 76' lang='lat' dir='ltr'><strong>lbtgruvia</strong></span> <span class='ocrx_word' id='word_1_284' title='bbox 867 3825 883 3858; x_wconf 87' lang='grc' dir='ltr'><em>α</em></span> <span class='ocrx_word' id='word_1_285' title='bbox 901 3813 1021 3874; x_wconf 79' lang='lat' dir='ltr'><strong>sectoque</strong></span> <span class='ocrx_word' id='word_1_286' title='bbox 1039 3805 1141 3858; x_wconf 87' lang='lat' dir='ltr'><strong>Lacbm.</strong></span> 
     </span>
     <span class='ocr_line' id='line_1_43' title="bbox 84 3849 587 3946; baseline 0 -15"><span class='ocrx_word' id='word_1_287' title='bbox 84 3892 133 3931; x_wconf 84' lang='lat' dir='ltr'><strong>ncr.</strong></span> <span class='ocrx_word' id='word_1_288' title='bbox 147 3881 188 3931; x_wconf 81' lang='lat' dir='ltr'><strong>lb.</strong></span> <span class='ocrx_word' id='word_1_289' title='bbox 239 3881 338 3945; x_wconf 78' lang='lat' dir='ltr'><strong>gracia</strong></span> <span class='ocrx_word' id='word_1_290' title='bbox 356 3895 388 3932; x_wconf 84' lang='lat' dir='ltr'><strong>uc</strong></span> <span class='ocrx_word' id='word_1_291' title='bbox 404 3883 476 3931; x_wconf 73' lang='lat' dir='ltr'><strong>recto</strong></span> <span class='ocrx_word' id='word_1_292' title='bbox 492 3849 587 3946; x_wconf 74' lang='lat' dir='ltr'><strong>Sebup.</strong></span> 
     </span>
    </p>
   </div>
   <div class='ocr_carea' id='block_1_5' title="bbox 0 0 1242 4388">
    <p class='ocr_par' dir='ltr' id='par_1_9' title="bbox 0 0 1242 4388">
     <span class='ocr_line' id='line_1_44' title="bbox 0 0 1242 4388; baseline 0 1"><span class='ocrx_word' id='word_1_293' title='bbox 0 0 1242 4388; x_wconf 95' lang='lat' dir='ltr'><strong> </strong></span> 
     </span>
    </p>
   </div>
  </div>
 </body>
</html>
