2474 4388
444 242 604 296 Aruernos
623 243 679 296 ΗΒ.
698 244 737 297 lll.

46 414 114 475 auri
139 432 223 476 sacra
245 415 351 476 lamesl
375 423 531 495 postquam
554 434 644 495 pavor
666 435 731 479 ossa
753 417 886 497 reliquit,

48 499 183 562 delectos
204 499 307 580 populi
330 499 365 561 ad
388 519 527 581 proceres
550 501 737 581 primumque
759 512 911 582 parentem

48 593 185 646 monstra
208 586 296 646 deum
317 587 414 647 relero
437 595 480 660 et,
504 604 579 665 quae
600 586 638 648 sit
659 589 820 661 sententia,
843 606 944 667 posco.

50 669 193 731 omnibus
215 670 291 731 idem
314 671 443 746 animus,
465 671 604 734 scelerata
627 672 768 733 excedere
791 683 883 746 terra,
1098 683 1129 733 co

50 756 148 834 linqui
169 755 314 836 pollutum
337 757 496 836 hospitium
520 766 549 818 et
570 758 639 817 dare
661 756 804 819 classibus
826 767 950 820 austros.

51 859 124 921 ergo
148 840 346 902 instauramus
368 841 514 922 Polydoro
537 843 626 904 lunus
649 852 679 904 et
700 843 806 921 ingens

50 925 205 1005 aggeritur
227 926 338 987 tumulo
361 927 462 1003 tellus;
484 936 563 988 stant
584 927 720 990 manibus
743 946 810 989 arae

50 1010 196 1073 caeruleis
217 1019 344 1072 maestae
366 1012 444 1074 vittis
466 1021 586 1091 atraque
608 1031 750 1093 cupresso

51 1107 83 1158 et
106 1096 218 1157 circum
241 1095 346 1158 Iliades
367 1097 481 1158 crinem
503 1098 539 1158 de
561 1115 644 1158 more
665 1097 795 1173 solutae;

51 1181 209 1243 inferimus
232 1181 331 1260 tepido
353 1182 518 1262 spumantia
540 1182 653 1262 cymbia
676 1184 750 1244 lacte

51 1266 206 1346 sanguinis
228 1275 258 1328 et
279 1267 353 1328 sacri
375 1276 491 1348 pateras
513 1269 701 1346 animamque
722 1269 859 1348 sepulcro

52 1351 210 1414 condimus
233 1361 262 1413 et
283 1370 388 1431 magna
411 1371 583 1432 supremum
605 1370 676 1413 voce
699 1353 818 1414 ciemus.

140 1436 228 1509 lude,
251 1436 302 1499 ubi
324 1437 417 1517 prima
440 1438 512 1500 tides
534 1437 638 1518 pelago
661 1438 832 1518 placataque
855 1437 933 1497 venti

53 1523 125 1583 dant
147 1522 237 1582 maria
260 1532 290 1583 et
311 1522 386 1584 lenis
408 1524 557 1603 crepitans
578 1533 663 1585 vocat
685 1532 783 1585 auster
805 1524 835 1584 in
859 1522 965 1592 altum,

53 1607 206 1669 deducunt
226 1608 299 1669 socii
321 1608 402 1669 navis
425 1617 455 1669 et
476 1609 559 1670 litora
583 1609 741 1688 complent.

53 1693 245 1772 provehimur
266 1701 355 1772 portu
377 1702 533 1772 terraeque
557 1693 704 1773 urbesque
727 1693 877 1755 recedunt.

54 1795 136 1839 sacra
158 1777 232 1838 mari
254 1778 362 1839 colitur
382 1779 480 1840 medio
502 1779 665 1859 gratissima
688 1778 774 1840 tellus

54 1862 213 1924 Nereidum
236 1863 320 1923 matri
342 1873 372 1925 et
392 1864 532 1943 Neptuno
555 1865 686 1943 Aegaeo,

56 1965 143 2028 mam
165 1948 233 2029 pius
254 1949 454 2028 Arquitenens
475 1967 543 2010 oras
565 1958 594 2010 et
615 1949 700 2010 litora
722 1949 833 2008 circum

55 2042 204 2094 errantem
227 2033 353 2113 Mycono
377 2052 393 2095 e
415 2035 492 2096 celsa
515 2034 669 2114 Gyaroque
692 2033 819 2094 revinxit

55 2118 267 2196 immotamque
289 2118 346 2180 coli
369 2119 448 2182 dedit
470 2129 499 2181 et
521 2128 712 2180 contemnere
734 2125 846 2179 ventos.

56 2203 113 2264 huo
136 2203 232 2277 teror,
255 2203 328 2265 haec
348 2206 442 2267 fessos
462 2212 527 2266 tuto
550 2204 744 2284 placidissima
767 2211 856 2283 portu

21 2350 27 2357 ,
55 2286 172 2368 accipit.
217 2288 327 2368 egressi
348 2306 523 2351 veneramur
546 2289 688 2369 Apollinis
709 2288 824 2349 urbem.

24 2378 29 2387 '
55 2391 106 2434 rex
130 2372 239 2446 Anius,
261 2392 313 2435 rex
336 2374 413 2436 idem
435 2375 588 2436 hominum
612 2373 783 2454 Phoebique
805 2371 956 2443 sacerdos,

54 2457 134 2519 vittis
156 2466 186 2518 et
207 2475 288 2520 sacra
310 2459 463 2522 redimitus
484 2469 617 2540 tempora
640 2461 722 2520 lauro

55 2543 201 2616 occurrit,
224 2552 352 2605 veterem
374 2545 523 2607 Anchisen
547 2545 686 2625 adgnovit
707 2545 848 2617 amioum;

54 2626 205 2706 iungimus
228 2629 356 2708 hospitio
378 2629 495 2692 dextras
517 2639 546 2691 et
567 2639 644 2691 tecta
666 2628 810 2692 subimus.

142 2712 263 2810 Templa
285 2714 332 2775 dei
352 2733 422 2777 saxo
444 2715 605 2777 venerabar
626 2725 738 2777 structa
758 2722 888 2775 vetusto:

51 2789 101 2858 ‘da
124 2798 291 2878 propriam,
314 2798 512 2881 Thymbraee,
536 2802 671 2874 domum,
694 2801 730 2861 da
752 2799 868 2862 moenia
891 2796 974 2859 lessis

54 2891 85 2942 et
106 2899 202 2961 genus
224 2892 254 2944 et
275 2902 443 2946 mansuram
466 2885 586 2959 urbem;
609 2904 706 2958 serra
729 2885 819 2946 altera
841 2883 946 2944 Troiae

53 2967 213 3047 Pergama,
236 2968 374 3049 reliquias
396 2970 528 3032 Danaum
550 2981 638 3050 atque
660 2970 780 3031 immitis
802 2968 915 3030 Achilli.

52 3070 145 3133 quem
165 3051 354 3153 sequimur?
364 3073 459 3135 quove
481 3056 524 3117 ire
545 3054 651 3118 iuhes‘l
674 3055 726 3118 ubi
748 3072 861 3135 ponere
883 3049 987 3116 sedes?

51 3139 106 3211 da,
130 3148 229 3217 pater,
252 3140 407 3218 augurium
430 3150 517 3220 atque
540 3141 645 3203 animis
666 3140 798 3202 inlabere
821 3134 955 3200 nostris'

51 3224 100 3283 rix
123 3241 158 3284 ea
179 3225 255 3286 latus
277 3242 374 3286 eram:
395 3233 524 3287 tremere
547 3227 644 3288 omnia
667 3226 726 3288 visa
749 3233 888 3306 repente
1097 3231 1127 3282 90

50 3308 214 3387 liminaque
237 3309 395 3391 laurusque
418 3311 474 3385 dei,
496 3320 636 3391 totusque
658 3329 767 3373 moveri

51 3412 142 3455 mous
164 3393 276 3456 circum
299 3404 329 3457 et
350 3397 465 3476 mugire
487 3397 579 3477 adytis
602 3396 716 3457 cortina
738 3395 869 3457 reclusis.

140 3580 171 3630 ot
192 3577 341 3646 linquerop
351 3576 441 3631 Donat.
454 3577 512 3634 Ter.
524 3578 601 3632 Andr
623 3581 661 3634 16.
727 3581 792 3632 dtis
809 3579 969 3646 placataque
986 3575 1127 3627 conridet

49 3644 93 3697 lll.
108 3647 221 3710 1819,9.
282 3650 314 3700 15
350 3649 408 3698 rim
420 3646 512 3711 berth,
533 3663 624 3700 comm.
641 3646 712 3700 Serv.
726 3649 760 3715 pl.
822 3650 853 3699 16
872 3645 985 3712 Mycono
1005 3645 1074 3694 colea
1092 3643 1126 3693 71²

48 3712 126 3773 Lade
145 3713 178 3767 ci.
191 3712 346 3781 Wagnmh
359 3718 400 3768 31.
454 3714 544 3783 Gyaro
562 3717 630 3768 eoba
646 3716 811 3783 dlyeonoque
828 3709 889 3766 ‘ent
902 3702 1126 3780 pleriqueomnes'

50 3754 142 3834 rrert'r.
230 3784 263 3836 82
281 3786 404 3848 agnoseit
420 3781 511 3835 lla¹orr
597 3786 630 3837 84
648 3785 699 3846 der]
717 3784 810 3834 odiens
827 3781 900 3833 Baln.
922 3782 995 3842 1881,
1014 3781 1072 3833 160.

48 3849 313 3904 manerent.
403 3852 435 3904 86
452 3855 538 3915 coroa]
556 3867 640 3918 regna
658 3850 732 3902 Bihr.
755 3852 831 3914 1881,
851 3851 898 3903 261
919 3847 1066 3903 exclusor.
1086 3849 1126 3901 81.

48 3920 85 3972 81
103 3917 236 3987 reliquias
253 3923 302 3972 cet.
321 3918 380 3986 (ιιΙ
399 3921 441 3986 30)
460 3919 543 3972 demo
560 3919 630 3972 ntor.
649 3921 707 3972 411.
