2286 4394
49 174 112 235 230
417 171 447 224 P.
459 171 588 225 VERGIH
605 168 754 225 motus

48 349 134 409 busta
157 364 255 423 neque
277 344 362 404 avelli
384 354 529 423 possunt,
551 361 613 404 nox
634 342 736 404 umida
756 343 858 405 donec

49 431 168 494 invertit
191 430 304 491 caelum
326 429 420 490 stellis
440 427 615 490 ardentibus
636 438 750 508 aptum.

133 515 194 576 Nec
217 516 318 575 minus
339 524 368 574 et
390 514 491 575 miseri
512 513 626 575 diversa
648 513 680 574 iu
702 522 790 593 parte
811 512 912 576 Latini

49 602 222 663 innumeras
243 610 379 661 struxere
400 617 488 679 pyras
509 608 538 659 ct
560 616 687 678 corpora
710 597 820 678 partim

49 685 140 747 multa
161 685 257 746 virum
279 694 376 745 terrae
397 684 548 745 infodiunt
570 692 730 762 avectaque
751 682 862 763 partim

48 772 191 832 finitimos
212 770 321 831 tollunt
344 770 375 829 in
397 787 485 847 agros
506 767 635 846 urbique
656 767 830 842 remittunt,

49 865 146 918 cetera
169 856 371 932 confusaeque
392 854 546 933 ingentem
568 852 667 915 raedis
687 871 827 915 acemrm

50 961 107 1004 nec
130 959 255 1002 numero
278 957 335 1000 nec
356 939 472 999 honore
494 947 644 1013 cremant;
672 946 746 999 tunc
768 938 905 1019 undiquc
925 938 997 1001 rasti

50 1027 183 1089 certatim
205 1023 320 1086 crebris
342 1022 503 1085 conlucent
524 1021 645 1101 ignibus
666 1022 739 1102 agri.

49 1112 135 1172 tertia
157 1111 206 1172 lux
230 1110 355 1189 gelidam
377 1108 459 1169 caelo
481 1107 644 1169 dimoverat
665 1106 819 1168 umbram:

49 1204 217 1257 maerentes
239 1194 331 1255 altum
352 1193 484 1254 cinerem
506 1201 536 1254 et
556 1193 681 1253 confusa
702 1190 831 1253 ruebant

51 1299 116 1341 ossa
139 1279 213 1340 focis
234 1278 395 1357 tepidoque
418 1277 583 1339 onerabant
603 1294 713 1357 aggere
734 1286 844 1338 terrae.

49 1365 106 1426 iam
129 1382 198 1424 vero
221 1363 252 1423 in
276 1362 377 1434 tectis,
400 1362 567 1442 praedivitis
588 1361 664 1424 urbe
685 1361 800 1435 Latini,

49 1448 227 1527 praecipuus
248 1448 349 1523 fragor
370 1456 400 1507 et
421 1446 503 1526 longi
525 1465 596 1526 pars
617 1446 742 1508 maxima
765 1446 875 1511 luctus.

49 1533 99 1593 bic
121 1541 229 1593 matres
251 1531 434 1610 miseraeque
457 1550 568 1606 nurus,
589 1532 639 1593 bie
661 1550 729 1593 cara
750 1548 892 1593 sororum

50 1626 171 1696 pectora
193 1625 377 1677 maerentum
400 1617 546 1696 puerique
568 1616 745 1696 parentibus
765 1615 831 1677 orbi

49 1702 146 1764 dirum
168 1709 361 1763 exsecrantur
381 1702 492 1763 bellum
514 1701 671 1781 Turnique
691 1702 889 1782 hymenaeos3

49 1788 147 1868 ipsum
169 1788 259 1848 armis
281 1787 438 1867 ipsumque
460 1786 566 1847 iubent
587 1787 749 1848 decernere
770 1786 870 1860 terro,

50 1874 102 1952 qui
124 1892 249 1953 regnum
272 1871 369 1933 ltaliae
391 1881 420 1934 et
443 1872 556 1952 primos
577 1871 633 1933 sibi
654 1879 759 1953 poscat
779 1870 923 1934 bonores.

52 1959 183 2038 ingravat
204 1959 276 2020 baec
299 1975 402 2019 saevus
424 1957 555 2018 Drances
576 1957 733 2036 solumque
755 1956 854 2017 vocari

51 2051 192 2116 testatur,
215 2043 310 2104 solum
333 2042 415 2121 posci
438 2042 469 2103 in
492 2041 653 2103 certamina
676 2041 822 2104 Turnum.

51 2129 143 2189 multa
165 2127 253 2189 simul
276 2135 381 2189 contra
402 2127 489 2188 variis
510 2126 658 2188 sententia
678 2126 765 2188 dictis

51 2231 106 2290 pro
129 2212 248 2286 Turno,
272 2221 302 2273 et
322 2230 463 2291 magnum
486 2212 606 2290 reginae
629 2231 739 2273 nomen
763 2209 938 2283 obumbrat,

51 2298 144 2358 muita
165 2297 260 2359 virum
282 2297 395 2358 meritis
417 2305 563 2359 sustentat
585 2299 661 2358 fama
683 2296 823 2377 tropaeis.

136 2381 198 2442 Hos
220 2382 298 2443 iuter
320 2390 432 2455 motus,
455 2382 552 2443 medio
575 2382 607 2442 in
629 2383 773 2461 flagrante
796 2381 942 2451 tumultu,

52 2465 136 2526 eccet
160 2484 251 2545 super
272 2467 375 2527 maesti
397 2485 505 2546 magna
527 2467 677 2528 Diomedis
699 2467 736 2528 ab
758 2466 833 2529 urbe

51 2550 138 2630 legati
161 2568 304 2628 responsa
326 2552 442 2611 ferunt:
471 2552 546 2612 nibil
569 2551 708 2614 omnibus
729 2561 829 2614 actum

51 2644 201 2696 tantorum
223 2635 366 2714 impensis
387 2654 527 2715 operum,
552 2637 594 2698 nil
617 2637 693 2698 dona
717 2655 815 2716 neque
837 2654 943 2698 aurum

52 2739 108 2782 nec
129 2738 252 2800 magnas
272 2721 396 2782 valuisse
419 2739 539 2800 precos;
569 2722 624 2783 alia
646 2740 726 2783 arma
748 2721 862 2783 Latinis

52 2807 219 2884 quaerenda
241 2815 291 2867 aut
313 2825 415 2886 pacem
438 2807 566 2868 Troiano
589 2806 626 2868 ab
649 2825 720 2885 rege
741 2807 912 2886 petendum.

52 2891 150 2953 deficit
171 2892 285 2971 ingenti
307 2891 388 2953 luctu
411 2911 462 2953 rex
486 2892 548 2972 ipse
570 2892 702 2953 Latinus.

51 2977 166 3037 fatalem
190 2978 309 3037 Aenean
334 2977 489 3038 manifesto
513 2977 635 3038 numine
658 2977 729 3037 serii

52 3061 192 3120 admonet
213 3061 255 3121 ira
277 3060 364 3120 deum
387 3062 552 3141 tumulique
574 3070 643 3123 ante
667 3079 717 3121 ora
741 3070 887 3121 recentes.

52 3162 122 3222 ergo
146 3145 305 3205 concilium
328 3163 468 3224 magnum
492 3147 663 3225 primosque
685 3163 808 3207 suorum

52 3229 176 3308 imperio
200 3227 308 3289 accitos
330 3229 386 3289 alta
409 3231 486 3290 intra
511 3231 612 3292 limina
634 3230 722 3311 cogit.

52 3313 101 3374 olli
124 3331 291 3374 convenere
312 3322 465 3391 ruuntque
487 3316 522 3375 ad
545 3317 626 3396 regia
647 3315 744 3396 plenis

51 3407 128 3461 tecta
150 3399 212 3460 viis.
257 3397 340 3459 sedet
362 3399 392 3460 in
416 3400 520 3462 mediis
543 3409 572 3462 et
594 3401 738 3462 maximus
760 3417 831 3460 aevo

52 3494 81 3546 et
103 3486 215 3566 primus
237 3483 362 3564 sceptris
383 3484 461 3547 baud
484 3486 558 3547 laeta
581 3488 680 3547 fronte
702 3484 835 3546 Latinus.

51 3579 139 3649 atque
160 3571 209 3632 bic
231 3571 343 3647 legatos
365 3571 467 3632 Aetola
490 3591 524 3632 ex
548 3571 623 3633 urbe
644 3571 796 3643 remissos,

137 3723 186 3772 205
205 3736 256 3773 om.
275 3719 376 3786 Menag.
395 3720 404 3772 l
422 3726 448 3771 et
465 3719 540 3773 Goth.
559 3721 597 3783 ΙΙΙ,
615 3720 699 3773 damn.
718 3719 758 3771 ΙΙΙ.
777 3717 843 3771 zob.
864 3719 939 3781 1881,
958 3719 1017 3770 597.

52 3785 101 3837 220
120 3789 195 3854 boec]
215 3788 302 3857 eth¹
337 3805 366 3839 ec
382 3787 412 3857 γ’
482 3788 532 3840 230
548 3789 692 3852 petendum
703 3783 1078 3853 M²bcMcnag.lxserv.tlii

51 3861 183 3914 grammat.
217 3855 362 3921 petendum
374 3852 473 3922 n¹t>tt7
549 3857 599 3907 236
609 3857 751 3922 fluuntque
763 3856 820 3908 libri
833 3871 870 3924 pr.
883 3852 950 3913 Mb¹;
971 3851 1044 3905 Serv.
1055 3795 1127 3903 Ribue

1104 3849 1127 3901 b.
