<?xml version="1.0" encoding="UTF-8"?>
<!DOCTYPE html PUBLIC "-//W3C//DTD XHTML 1.0 Transitional//EN"
    "http://www.w3.org/TR/xhtml1/DTD/xhtml1-transitional.dtd">
<html xmlns="http://www.w3.org/1999/xhtml" xml:lang="en" lang="en">
 <head>
  <title>
</title>
<meta http-equiv="Content-Type" content="text/html;charset=utf-8" />
  <meta name='ocr-system' content='tesseract 3.04.00' />
  <meta name='ocr-capabilities' content='ocr_page ocr_carea ocr_par ocr_line ocrx_word'/>
</head>
<body>
  <div class='ocr_page' id='page_1' title='image "./pvergilimaronis08virggoog/pvergilimaronis08virggoog_0059.png"; bbox 0 0 2286 4394; ppageno 0'>
   <div class='ocr_carea' id='block_1_1' title="bbox 45 198 747 262">
    <p class='ocr_par' dir='ltr' id='par_1_1' title="bbox 45 198 747 262">
     <span class='ocr_line' id='line_1_1' title="bbox 45 198 747 262; baseline 0.001 -10"><span class='ocrx_word' id='word_1_1' title='bbox 45 201 88 262; x_wconf 82' lang='grc'><strong>40</strong></span> <span class='ocrx_word' id='word_1_2' title='bbox 416 199 443 253; x_wconf 88' lang='lat' dir='ltr'><strong>P.</strong></span> <span class='ocrx_word' id='word_1_3' title='bbox 457 198 584 252; x_wconf 74' lang='lat' dir='ltr'><strong>tractat</strong></span> <span class='ocrx_word' id='word_1_4' title='bbox 600 198 747 253; x_wconf 71' lang='lat' dir='ltr'><strong>danobis</strong></span> 
     </span>
    </p>
   </div>
   <div class='ocr_carea' id='block_1_2' title="bbox 44 372 991 708">
    <p class='ocr_par' dir='ltr' id='par_1_2' title="bbox 45 372 763 452">
     <span class='ocr_line' id='line_1_2' title="bbox 45 372 763 452; baseline -0.003 -16"><span class='ocrx_word' id='word_1_5' title='bbox 45 373 221 451; x_wconf 82' lang='lat' dir='ltr'><strong>exuviasque</strong></span> <span class='ocrx_word' id='word_1_6' title='bbox 243 382 334 452; x_wconf 86' lang='lat' dir='ltr'><strong>petet.</strong></span> <span class='ocrx_word' id='word_1_7' title='bbox 378 372 470 435; x_wconf 81' lang='lat' dir='ltr'><strong>facilis</strong></span> <span class='ocrx_word' id='word_1_8' title='bbox 492 373 603 435; x_wconf 91' lang='lat' dir='ltr'><strong>iactura</strong></span> <span class='ocrx_word' id='word_1_9' title='bbox 626 372 763 452; x_wconf 81' lang='lat' dir='ltr'>sepulcri.</span> 
     </span>
    </p>

    <p class='ocr_par' dir='ltr' id='par_1_3' title="bbox 44 457 764 537">
     <span class='ocr_line' id='line_1_3' title="bbox 44 457 764 537; baseline 0.004 -19"><span class='ocrx_word' id='word_1_10' title='bbox 44 459 100 519; x_wconf 91' lang='lat' dir='ltr'><strong>iam</strong></span> <span class='ocrx_word' id='word_1_11' title='bbox 122 457 237 537; x_wconf 83' lang='lat' dir='ltr'><strong>pridem</strong></span> <span class='ocrx_word' id='word_1_12' title='bbox 259 458 370 519; x_wconf 89' lang='lat' dir='ltr'><strong>invisus</strong></span> <span class='ocrx_word' id='word_1_13' title='bbox 392 458 464 520; x_wconf 92' lang='lat' dir='ltr'><strong>divis</strong></span> <span class='ocrx_word' id='word_1_14' title='bbox 485 468 515 520; x_wconf 91' lang='lat' dir='ltr'><strong>et</strong></span> <span class='ocrx_word' id='word_1_15' title='bbox 535 458 647 520; x_wconf 91' lang='lat' dir='ltr'><strong>inutilis</strong></span> <span class='ocrx_word' id='word_1_16' title='bbox 668 477 764 521; x_wconf 89' lang='lat' dir='ltr'><strong>anuos</strong></span> 
     </span>
    </p>

    <p class='ocr_par' dir='ltr' id='par_1_4' title="bbox 46 543 991 708">
     <span class='ocr_line' id='line_1_4' title="bbox 46 543 991 623; baseline 0.003 -19"><span class='ocrx_word' id='word_1_17' title='bbox 46 543 197 617; x_wconf 81' lang='lat' dir='ltr'><strong>demoror,</strong></span> <span class='ocrx_word' id='word_1_18' title='bbox 220 562 255 605; x_wconf 81' lang='lat' dir='ltr'><strong>ex</strong></span> <span class='ocrx_word' id='word_1_19' title='bbox 277 562 336 622; x_wconf 93' lang='lat' dir='ltr'><strong>quo</strong></span> <span class='ocrx_word' id='word_1_20' title='bbox 359 562 407 606; x_wconf 90' lang='lat' dir='ltr'><strong>me</strong></span> <span class='ocrx_word' id='word_1_21' title='bbox 429 543 525 605; x_wconf 79' lang='lat' dir='ltr'><strong>divom</strong></span> <span class='ocrx_word' id='word_1_22' title='bbox 547 553 630 623; x_wconf 88' lang='lat' dir='ltr'><strong>pater</strong></span> <span class='ocrx_word' id='word_1_23' title='bbox 651 553 740 622; x_wconf 86' lang='lat' dir='ltr'><strong>atque</strong></span> <span class='ocrx_word' id='word_1_24' title='bbox 763 543 918 605; x_wconf 91' lang='lat' dir='ltr'><strong>bominum</strong></span> <span class='ocrx_word' id='word_1_25' title='bbox 940 562 991 607; x_wconf 87' lang='lat' dir='ltr'><strong>rex</strong></span> 
     </span>
     <span class='ocr_line' id='line_1_5' title="bbox 47 623 731 708; baseline 0 -18"><span class='ocrx_word' id='word_1_26' title='bbox 47 627 178 690; x_wconf 80' lang='lat' dir='ltr'><strong>fulminis</strong></span> <span class='ocrx_word' id='word_1_27' title='bbox 200 628 315 690; x_wconf 85' lang='lat' dir='ltr'><strong>adflavit</strong></span> <span class='ocrx_word' id='word_1_28' title='bbox 336 629 431 691; x_wconf 87' lang='lat' dir='ltr'><strong>ventis</strong></span> <span class='ocrx_word' id='word_1_29' title='bbox 452 638 481 690; x_wconf 92' lang='lat' dir='ltr'><strong>et</strong></span> <span class='ocrx_word' id='word_1_30' title='bbox 504 627 628 707; x_wconf 79' lang='lat' dir='ltr'><strong>contigit</strong></span> <span class='ocrx_word' id='word_1_31' title='bbox 649 623 731 708; x_wconf 67' lang='lat' dir='ltr'><strong>igni?</strong></span> 
     </span>
    </p>
   </div>
   <div class='ocr_carea' id='block_1_3' title="bbox 45 712 1117 3686">
    <p class='ocr_par' dir='ltr' id='par_1_5' title="bbox 45 712 1117 3686">
     <span class='ocr_line' id='line_1_6' title="bbox 130 712 1096 794; baseline 0 -21"><span class='ocrx_word' id='word_1_32' title='bbox 130 712 210 774; x_wconf 85' lang='lat' dir='ltr'><strong>Talia</strong></span> <span class='ocrx_word' id='word_1_33' title='bbox 232 713 382 794; x_wconf 80' lang='lat' dir='ltr'><strong>perstabat</strong></span> <span class='ocrx_word' id='word_1_34' title='bbox 404 732 570 775; x_wconf 90' lang='lat' dir='ltr'><strong>memorans</strong></span> <span class='ocrx_word' id='word_1_35' title='bbox 591 714 726 792; x_wconf 82' lang='lat' dir='ltr'><strong>fixusque</strong></span> <span class='ocrx_word' id='word_1_36' title='bbox 748 713 897 776; x_wconf 85' lang='lat' dir='ltr'><strong>manebat.</strong></span> <span class='ocrx_word' id='word_1_37' title='bbox 1063 720 1096 774; x_wconf 76' lang='lat' dir='ltr'><strong>tat</strong></span> 
     </span>
     <span class='ocr_line' id='line_1_7' title="bbox 48 797 825 878; baseline 0.003 -19"><span class='ocrx_word' id='word_1_38' title='bbox 48 817 103 859; x_wconf 93' lang='lat' dir='ltr'><strong>nos</strong></span> <span class='ocrx_word' id='word_1_39' title='bbox 124 809 228 860; x_wconf 87' lang='lat' dir='ltr'><strong>contra</strong></span> <span class='ocrx_word' id='word_1_40' title='bbox 250 800 335 861; x_wconf 78' lang='lat' dir='ltr'><strong>effusi</strong></span> <span class='ocrx_word' id='word_1_41' title='bbox 356 799 485 861; x_wconf 80' lang='lat' dir='ltr'><strong>lacrimis</strong></span> <span class='ocrx_word' id='word_1_42' title='bbox 506 799 696 878; x_wconf 83' lang='lat' dir='ltr'><strong>coniunxque</strong></span> <span class='ocrx_word' id='word_1_43' title='bbox 718 797 825 861; x_wconf 80' lang='lat' dir='ltr'><strong>Creusa</strong></span> 
     </span>
     <span class='ocr_line' id='line_1_8' title="bbox 48 883 891 966; baseline 0.001 -22"><span class='ocrx_word' id='word_1_44' title='bbox 48 883 249 964; x_wconf 81' lang='lat' dir='ltr'><strong>Ascaniusque</strong></span> <span class='ocrx_word' id='word_1_45' title='bbox 273 886 427 966; x_wconf 90' lang='lat' dir='ltr'><strong>omnisque</strong></span> <span class='ocrx_word' id='word_1_46' title='bbox 450 885 569 957; x_wconf 84' lang='lat' dir='ltr'><strong>domus,</strong></span> <span class='ocrx_word' id='word_1_47' title='bbox 592 902 631 944; x_wconf 91' lang='lat' dir='ltr'><strong>ne</strong></span> <span class='ocrx_word' id='word_1_48' title='bbox 653 891 768 945; x_wconf 89' lang='lat' dir='ltr'><strong>vertere</strong></span> <span class='ocrx_word' id='word_1_49' title='bbox 789 902 891 946; x_wconf 89' lang='lat' dir='ltr'><strong>secum</strong></span> 
     </span>
     <span class='ocr_line' id='line_1_9' title="bbox 48 966 852 1050; baseline -0.001 -19"><span class='ocrx_word' id='word_1_50' title='bbox 48 979 154 1031; x_wconf 91' lang='lat' dir='ltr'><strong>cuncta</strong></span> <span class='ocrx_word' id='word_1_51' title='bbox 177 979 261 1050; x_wconf 91' lang='lat' dir='ltr'><strong>pater</strong></span> <span class='ocrx_word' id='word_1_52' title='bbox 282 972 401 1050; x_wconf 85' lang='lat' dir='ltr'><strong>latoque</strong></span> <span class='ocrx_word' id='word_1_53' title='bbox 422 969 541 1048; x_wconf 82' lang='lat' dir='ltr'><strong>urgenti</strong></span> <span class='ocrx_word' id='word_1_54' title='bbox 563 966 736 1030; x_wconf 82' lang='lat' dir='ltr'><strong>incumbere</strong></span> <span class='ocrx_word' id='word_1_55' title='bbox 757 969 852 1030; x_wconf 89' lang='lat' dir='ltr'><strong>vellet.</strong></span> 
     </span>
     <span class='ocr_line' id='line_1_10' title="bbox 46 1053 866 1136; baseline 0 -21"><span class='ocrx_word' id='word_1_56' title='bbox 46 1054 174 1135; x_wconf 83' lang='lat' dir='ltr'><strong>abnegat</strong></span> <span class='ocrx_word' id='word_1_57' title='bbox 195 1055 373 1136; x_wconf 86' lang='lat' dir='ltr'><strong>inceptoque</strong></span> <span class='ocrx_word' id='word_1_58' title='bbox 397 1063 426 1117; x_wconf 93' lang='lat' dir='ltr'><strong>et</strong></span> <span class='ocrx_word' id='word_1_59' title='bbox 446 1054 565 1116; x_wconf 89' lang='lat' dir='ltr'><strong>sedibus</strong></span> <span class='ocrx_word' id='word_1_60' title='bbox 586 1054 688 1115; x_wconf 88' lang='lat' dir='ltr'><strong>haeret</strong></span> <span class='ocrx_word' id='word_1_61' title='bbox 710 1053 740 1114; x_wconf 93' lang='lat' dir='ltr'><strong>in</strong></span> <span class='ocrx_word' id='word_1_62' title='bbox 764 1053 866 1116; x_wconf 89' lang='lat' dir='ltr'><strong>isdem.</strong></span> 
     </span>
     <span class='ocr_line' id='line_1_11' title="bbox 48 1139 1099 1219; baseline -0.004 -18"><span class='ocrx_word' id='word_1_63' title='bbox 48 1159 151 1202; x_wconf 89' lang='lat' dir='ltr'><strong>rursus</strong></span> <span class='ocrx_word' id='word_1_64' title='bbox 174 1141 205 1201; x_wconf 90' lang='lat' dir='ltr'><strong>in</strong></span> <span class='ocrx_word' id='word_1_65' title='bbox 227 1158 307 1202; x_wconf 92' lang='lat' dir='ltr'><strong>arma</strong></span> <span class='ocrx_word' id='word_1_66' title='bbox 329 1142 410 1202; x_wconf 80' lang='lat' dir='ltr'><strong>teror</strong></span> <span class='ocrx_word' id='word_1_67' title='bbox 431 1147 616 1217; x_wconf 89' lang='lat' dir='ltr'><strong>mortemque</strong></span> <span class='ocrx_word' id='word_1_68' title='bbox 638 1139 820 1200; x_wconf 88' lang='lat' dir='ltr'><strong>miserrimus</strong></span> <span class='ocrx_word' id='word_1_69' title='bbox 843 1146 924 1219; x_wconf 91' lang='lat' dir='ltr'><strong>opto.</strong></span> <span class='ocrx_word' id='word_1_70' title='bbox 1067 1144 1099 1197; x_wconf 75' lang='lat' dir='ltr'><strong>ott</strong></span> 
     </span>
     <span class='ocr_line' id='line_1_12' title="bbox 49 1221 957 1304; baseline -0.002 -18"><span class='ocrx_word' id='word_1_71' title='bbox 49 1244 117 1286; x_wconf 94' lang='lat' dir='ltr'><strong>nam</strong></span> <span class='ocrx_word' id='word_1_72' title='bbox 140 1226 220 1304; x_wconf 91' lang='lat' dir='ltr'><strong>qnod</strong></span> <span class='ocrx_word' id='word_1_73' title='bbox 243 1226 398 1287; x_wconf 88' lang='lat' dir='ltr'><strong>consilium</strong></span> <span class='ocrx_word' id='word_1_74' title='bbox 420 1232 470 1286; x_wconf 92' lang='lat' dir='ltr'><strong>aut</strong></span> <span class='ocrx_word' id='word_1_75' title='bbox 492 1242 567 1302; x_wconf 92' lang='lat' dir='ltr'><strong>quae</strong></span> <span class='ocrx_word' id='word_1_76' title='bbox 589 1224 645 1284; x_wconf 92' lang='lat' dir='ltr'><strong>iam</strong></span> <span class='ocrx_word' id='word_1_77' title='bbox 668 1225 787 1285; x_wconf 83' lang='lat' dir='ltr'><strong>fortuna</strong></span> <span class='ocrx_word' id='word_1_78' title='bbox 809 1221 957 1286; x_wconf 85' lang='lat' dir='ltr'><strong>dabatur‘l</strong></span> 
     </span>
     <span class='ocr_line' id='line_1_13' title="bbox 45 1304 856 1390; baseline 0.001 -20"><span class='ocrx_word' id='word_1_79' title='bbox 45 1304 146 1372; x_wconf 90' lang='lat' dir='ltr'><strong>‘mene</strong></span> <span class='ocrx_word' id='word_1_80' title='bbox 169 1311 275 1371; x_wconf 77' lang='lat' dir='ltr'><strong>efferre</strong></span> <span class='ocrx_word' id='word_1_81' title='bbox 297 1310 417 1390; x_wconf 77' lang='lat' dir='ltr'><strong>pedem,</strong></span> <span class='ocrx_word' id='word_1_82' title='bbox 440 1309 569 1387; x_wconf 81' lang='lat' dir='ltr'><strong>genitor,</strong></span> <span class='ocrx_word' id='word_1_83' title='bbox 590 1318 621 1370; x_wconf 89' lang='lat' dir='ltr'><strong>te</strong></span> <span class='ocrx_word' id='word_1_84' title='bbox 642 1327 730 1389; x_wconf 87' lang='lat' dir='ltr'><strong>posse</strong></span> <span class='ocrx_word' id='word_1_85' title='bbox 751 1308 856 1371; x_wconf 88' lang='lat' dir='ltr'><strong>relicto</strong></span> 
     </span>
     <span class='ocr_line' id='line_1_14' title="bbox 48 1391 817 1475; baseline -0.004 -18"><span class='ocrx_word' id='word_1_86' title='bbox 48 1395 172 1475; x_wconf 89' lang='lat' dir='ltr'><strong>sperasti</strong></span> <span class='ocrx_word' id='word_1_87' title='bbox 194 1403 369 1474; x_wconf 88' lang='lat' dir='ltr'><strong>tantumque</strong></span> <span class='ocrx_word' id='word_1_88' title='bbox 392 1396 473 1455; x_wconf 82' lang='lat' dir='ltr'><strong>nefas</strong></span> <span class='ocrx_word' id='word_1_89' title='bbox 496 1394 591 1473; x_wconf 91' lang='lat' dir='ltr'><strong>patrio</strong></span> <span class='ocrx_word' id='word_1_90' title='bbox 614 1394 721 1456; x_wconf 82' lang='lat' dir='ltr'><strong>excidit</strong></span> <span class='ocrx_word' id='word_1_91' title='bbox 742 1391 817 1455; x_wconf 85' lang='lat' dir='ltr'><strong>orel</strong></span> 
     </span>
     <span class='ocr_line' id='line_1_15' title="bbox 49 1478 843 1560; baseline -0.003 -18"><span class='ocrx_word' id='word_1_92' title='bbox 49 1481 74 1542; x_wconf 93' lang='lat' dir='ltr'><strong>si</strong></span> <span class='ocrx_word' id='word_1_93' title='bbox 96 1480 170 1541; x_wconf 88' lang='lat' dir='ltr'><strong>nibil</strong></span> <span class='ocrx_word' id='word_1_94' title='bbox 193 1498 227 1540; x_wconf 84' lang='lat' dir='ltr'><strong>ex</strong></span> <span class='ocrx_word' id='word_1_95' title='bbox 249 1487 329 1540; x_wconf 90' lang='lat' dir='ltr'><strong>tanta</strong></span> <span class='ocrx_word' id='word_1_96' title='bbox 351 1479 465 1560; x_wconf 90' lang='lat' dir='ltr'><strong>superis</strong></span> <span class='ocrx_word' id='word_1_97' title='bbox 486 1479 582 1559; x_wconf 88' lang='lat' dir='ltr'><strong>placet</strong></span> <span class='ocrx_word' id='word_1_98' title='bbox 603 1478 678 1540; x_wconf 88' lang='lat' dir='ltr'><strong>urbe</strong></span> <span class='ocrx_word' id='word_1_99' title='bbox 700 1479 843 1558; x_wconf 9' lang='lat' dir='ltr'><strong>relinquit,</strong></span> 
     </span>
     <span class='ocr_line' id='line_1_16' title="bbox 48 1563 1101 1644; baseline -0.005 -18"><span class='ocrx_word' id='word_1_100' title='bbox 48 1573 78 1626; x_wconf 91' lang='lat' dir='ltr'><strong>et</strong></span> <span class='ocrx_word' id='word_1_101' title='bbox 99 1565 182 1626; x_wconf 92' lang='lat' dir='ltr'><strong>sedet</strong></span> <span class='ocrx_word' id='word_1_102' title='bbox 203 1565 260 1626; x_wconf 89' lang='lat' dir='ltr'><strong>boc</strong></span> <span class='ocrx_word' id='word_1_103' title='bbox 282 1565 379 1626; x_wconf 90' lang='lat' dir='ltr'><strong>animo</strong></span> <span class='ocrx_word' id='word_1_104' title='bbox 402 1564 611 1644; x_wconf 86' lang='lat' dir='ltr'><strong>perituraeque</strong></span> <span class='ocrx_word' id='word_1_105' title='bbox 632 1564 739 1626; x_wconf 89' lang='lat' dir='ltr'><strong>addere</strong></span> <span class='ocrx_word' id='word_1_106' title='bbox 761 1563 867 1626; x_wconf 87' lang='lat' dir='ltr'><strong>&#39;lroiae</strong></span> <span class='ocrx_word' id='word_1_107' title='bbox 1067 1566 1101 1621; x_wconf 82' lang='lat' dir='ltr'><strong>oo</strong></span> 
     </span>
     <span class='ocr_line' id='line_1_17' title="bbox 50 1649 778 1730; baseline 0 -20"><span class='ocrx_word' id='word_1_108' title='bbox 50 1660 137 1730; x_wconf 91' lang='lat' dir='ltr'><strong>teque</strong></span> <span class='ocrx_word' id='word_1_109' title='bbox 160 1658 286 1729; x_wconf 91' lang='lat' dir='ltr'><strong>tuosque</strong></span> <span class='ocrx_word' id='word_1_110' title='bbox 308 1650 400 1712; x_wconf 87' lang='lat' dir='ltr'><strong>iuvat:</strong></span> <span class='ocrx_word' id='word_1_111' title='bbox 423 1658 504 1728; x_wconf 88' lang='lat' dir='ltr'><strong>patet</strong></span> <span class='ocrx_word' id='word_1_112' title='bbox 524 1649 571 1711; x_wconf 91' lang='lat' dir='ltr'><strong>isti</strong></span> <span class='ocrx_word' id='word_1_113' title='bbox 594 1649 682 1711; x_wconf 91' lang='lat' dir='ltr'><strong>ianua</strong></span> <span class='ocrx_word' id='word_1_114' title='bbox 703 1649 778 1724; x_wconf 85' lang='lat' dir='ltr'><strong>leto,</strong></span> 
     </span>
     <span class='ocr_line' id='line_1_18' title="bbox 50 1733 923 1814; baseline 0 -18"><span class='ocrx_word' id='word_1_115' title='bbox 50 1736 168 1814; x_wconf 88' lang='lat' dir='ltr'><strong>iamque</strong></span> <span class='ocrx_word' id='word_1_116' title='bbox 190 1734 283 1796; x_wconf 85' lang='lat' dir='ltr'><strong>aderit</strong></span> <span class='ocrx_word' id='word_1_117' title='bbox 305 1734 398 1796; x_wconf 89' lang='lat' dir='ltr'><strong>multo</strong></span> <span class='ocrx_word' id='word_1_118' title='bbox 421 1734 529 1796; x_wconf 88' lang='lat' dir='ltr'><strong>Priami</strong></span> <span class='ocrx_word' id='word_1_119' title='bbox 552 1734 588 1797; x_wconf 90' lang='lat' dir='ltr'><strong>de</strong></span> <span class='ocrx_word' id='word_1_120' title='bbox 610 1734 754 1814; x_wconf 80' lang='lat' dir='ltr'><strong>sanguine</strong></span> <span class='ocrx_word' id='word_1_121' title='bbox 776 1733 923 1814; x_wconf 82' lang='lat' dir='ltr'><strong>Pyrrhus,</strong></span> 
     </span>
     <span class='ocr_line' id='line_1_19' title="bbox 50 1818 1075 1900; baseline 0 -19"><span class='ocrx_word' id='word_1_122' title='bbox 50 1829 172 1900; x_wconf 84' lang='lat' dir='ltr'><strong>gnatum</strong></span> <span class='ocrx_word' id='word_1_123' title='bbox 193 1829 261 1882; x_wconf 90' lang='lat' dir='ltr'><strong>ante</strong></span> <span class='ocrx_word' id='word_1_124' title='bbox 284 1837 335 1881; x_wconf 90' lang='lat' dir='ltr'><strong>ora</strong></span> <span class='ocrx_word' id='word_1_125' title='bbox 357 1820 461 1900; x_wconf 85' lang='lat' dir='ltr'><strong>patris,</strong></span> <span class='ocrx_word' id='word_1_126' title='bbox 484 1827 599 1900; x_wconf 93' lang='lat' dir='ltr'><strong>patrem</strong></span> <span class='ocrx_word' id='word_1_127' title='bbox 622 1820 673 1898; x_wconf 93' lang='lat' dir='ltr'><strong>qui</strong></span> <span class='ocrx_word' id='word_1_128' title='bbox 695 1818 853 1881; x_wconf 87' lang='lat' dir='ltr'><strong>obtruncat</strong></span> <span class='ocrx_word' id='word_1_129' title='bbox 874 1818 911 1880; x_wconf 92' lang='lat' dir='ltr'><strong>ad</strong></span> <span class='ocrx_word' id='word_1_130' title='bbox 934 1836 1007 1881; x_wconf 86' lang='lat' dir='ltr'><strong>aras.</strong></span> <span class='ocrx_word' id='word_1_131' title='bbox 1072 1828 1075 1835; x_wconf 84' lang='lat'>&#39;</span> 
     </span>
     <span class='ocr_line' id='line_1_20' title="bbox 50 1903 971 1986; baseline 0 -20"><span class='ocrx_word' id='word_1_132' title='bbox 50 1906 107 1968; x_wconf 89' lang='lat' dir='ltr'><strong>hoc</strong></span> <span class='ocrx_word' id='word_1_133' title='bbox 130 1914 207 1979; x_wconf 84' lang='lat' dir='ltr'><strong>erat,</strong></span> <span class='ocrx_word' id='word_1_134' title='bbox 230 1906 303 1967; x_wconf 89' lang='lat' dir='ltr'><strong>alma</strong></span> <span class='ocrx_word' id='word_1_135' title='bbox 326 1924 451 1986; x_wconf 84' lang='lat' dir='ltr'><strong>parens,</strong></span> <span class='ocrx_word' id='word_1_136' title='bbox 474 1905 552 1986; x_wconf 92' lang='lat' dir='ltr'><strong>quod</strong></span> <span class='ocrx_word' id='word_1_137' title='bbox 576 1923 622 1965; x_wconf 91' lang='lat' dir='ltr'><strong>me</strong></span> <span class='ocrx_word' id='word_1_138' title='bbox 643 1922 699 1985; x_wconf 93' lang='lat' dir='ltr'><strong>per</strong></span> <span class='ocrx_word' id='word_1_139' title='bbox 719 1903 793 1978; x_wconf 87' lang='lat' dir='ltr'><strong>tela,</strong></span> <span class='ocrx_word' id='word_1_140' title='bbox 815 1921 871 1984; x_wconf 92' lang='lat' dir='ltr'><strong>per</strong></span> <span class='ocrx_word' id='word_1_141' title='bbox 891 1904 971 1985; x_wconf 79' lang='lat' dir='ltr'><strong>ignis</strong></span> 
     </span>
     <span class='ocr_line' id='line_1_21' title="bbox 50 1988 1103 2072; baseline -0.006 -20"><span class='ocrx_word' id='word_1_142' title='bbox 50 1991 154 2072; x_wconf 86' lang='lat' dir='ltr'><strong>eripis,</strong></span> <span class='ocrx_word' id='word_1_143' title='bbox 177 2000 210 2053; x_wconf 93' lang='lat' dir='ltr'><strong>ut</strong></span> <span class='ocrx_word' id='word_1_144' title='bbox 230 1992 333 2054; x_wconf 85' lang='lat' dir='ltr'><strong>mediis</strong></span> <span class='ocrx_word' id='word_1_145' title='bbox 355 1992 469 2054; x_wconf 92' lang='lat' dir='ltr'><strong>bostem</strong></span> <span class='ocrx_word' id='word_1_146' title='bbox 491 1992 521 2052; x_wconf 91' lang='lat' dir='ltr'><strong>in</strong></span> <span class='ocrx_word' id='word_1_147' title='bbox 544 1988 747 2069; x_wconf 85' lang='lat' dir='ltr'><strong>penetralibus</strong></span> <span class='ocrx_word' id='word_1_148' title='bbox 767 1997 861 2068; x_wconf 91' lang='lat' dir='ltr'><strong>utque</strong></span> <span class='ocrx_word' id='word_1_149' title='bbox 1070 1990 1103 2046; x_wconf 76' lang='lat' dir='ltr'><strong>ott</strong></span> 
     </span>
     <span class='ocr_line' id='line_1_22' title="bbox 49 2074 891 2158; baseline -0.005 -20"><span class='ocrx_word' id='word_1_150' title='bbox 49 2077 209 2140; x_wconf 67' lang='lat' dir='ltr'><strong>ascanium</strong></span> <span class='ocrx_word' id='word_1_151' title='bbox 231 2087 402 2158; x_wconf 88' lang='lat' dir='ltr'><strong>patremque</strong></span> <span class='ocrx_word' id='word_1_152' title='bbox 425 2095 523 2139; x_wconf 93' lang='lat' dir='ltr'><strong>meum</strong></span> <span class='ocrx_word' id='word_1_153' title='bbox 545 2077 684 2155; x_wconf 78' lang='lat' dir='ltr'><strong>iuxtaque</strong></span> <span class='ocrx_word' id='word_1_154' title='bbox 706 2074 844 2136; x_wconf 82' lang='lat' dir='ltr'><strong>Creusam</strong></span> <span class='ocrx_word' id='word_1_155' title='bbox 888 2120 891 2125; x_wconf 85' lang='lat'><em>.</em></span> 
     </span>
     <span class='ocr_line' id='line_1_23' title="bbox 49 2156 864 2240; baseline -0.004 -17"><span class='ocrx_word' id='word_1_156' title='bbox 49 2163 174 2225; x_wconf 89' lang='lat' dir='ltr'><strong>alterum</strong></span> <span class='ocrx_word' id='word_1_157' title='bbox 197 2163 227 2224; x_wconf 93' lang='lat' dir='ltr'><strong>in</strong></span> <span class='ocrx_word' id='word_1_158' title='bbox 251 2162 370 2225; x_wconf 90' lang='lat' dir='ltr'><strong>alterius</strong></span> <span class='ocrx_word' id='word_1_159' title='bbox 393 2172 534 2224; x_wconf 91' lang='lat' dir='ltr'><strong>mactatos</strong></span> <span class='ocrx_word' id='word_1_160' title='bbox 556 2161 701 2240; x_wconf 82' lang='lat' dir='ltr'><strong>sanguine</strong></span> <span class='ocrx_word' id='word_1_161' title='bbox 722 2156 864 2221; x_wconf 77' lang='lat' dir='ltr'><strong>cernam?</strong></span> 
     </span>
     <span class='ocr_line' id='line_1_24' title="bbox 51 2245 876 2324; baseline -0.002 -14"><span class='ocrx_word' id='word_1_162' title='bbox 51 2266 146 2320; x_wconf 88' lang='lat' dir='ltr'><strong>arma,</strong></span> <span class='ocrx_word' id='word_1_163' title='bbox 169 2248 239 2322; x_wconf 75' lang='lat' dir='ltr'><strong>vim,</strong></span> <span class='ocrx_word' id='word_1_164' title='bbox 262 2249 336 2309; x_wconf 82' lang='lat' dir='ltr'><strong>ferte</strong></span> <span class='ocrx_word' id='word_1_165' title='bbox 357 2265 451 2324; x_wconf 88' lang='lat' dir='ltr'><strong>arma;</strong></span> <span class='ocrx_word' id='word_1_166' title='bbox 474 2254 558 2309; x_wconf 88' lang='lat' dir='ltr'><strong>vocat</strong></span> <span class='ocrx_word' id='word_1_167' title='bbox 579 2247 629 2306; x_wconf 84' lang='lat' dir='ltr'><strong>lux</strong></span> <span class='ocrx_word' id='word_1_168' title='bbox 653 2246 754 2307; x_wconf 90' lang='lat' dir='ltr'><strong>ultima</strong></span> <span class='ocrx_word' id='word_1_169' title='bbox 775 2245 876 2309; x_wconf 86' lang='lat' dir='ltr'><strong>victos.</strong></span> 
     </span>
     <span class='ocr_line' id='line_1_25' title="bbox 51 2331 815 2407; baseline -0.007 -12"><span class='ocrx_word' id='word_1_170' title='bbox 51 2333 163 2394; x_wconf 88' lang='lat' dir='ltr'><strong>reddite</strong></span> <span class='ocrx_word' id='word_1_171' title='bbox 186 2350 233 2392; x_wconf 89' lang='lat' dir='ltr'><strong>me</strong></span> <span class='ocrx_word' id='word_1_172' title='bbox 255 2332 377 2407; x_wconf 85' lang='lat' dir='ltr'><strong>Danais,</strong></span> <span class='ocrx_word' id='word_1_173' title='bbox 400 2333 487 2392; x_wconf 89' lang='lat' dir='ltr'><strong>sinite</strong></span> <span class='ocrx_word' id='word_1_174' title='bbox 509 2331 670 2392; x_wconf 88' lang='lat' dir='ltr'><strong>instaurata</strong></span> <span class='ocrx_word' id='word_1_175' title='bbox 692 2331 815 2392; x_wconf 89' lang='lat' dir='ltr'><strong>revisam</strong></span> 
     </span>
     <span class='ocr_line' id='line_1_26' title="bbox 50 2408 1110 2498; baseline -0.008 -21"><span class='ocrx_word' id='word_1_176' title='bbox 50 2417 171 2498; x_wconf 90' lang='lat' dir='ltr'><strong>proelia.</strong></span> <span class='ocrx_word' id='word_1_177' title='bbox 216 2434 377 2495; x_wconf 91' lang='lat' dir='ltr'><strong>numquam</strong></span> <span class='ocrx_word' id='word_1_178' title='bbox 401 2433 504 2476; x_wconf 87' lang='lat' dir='ltr'><strong>omnes</strong></span> <span class='ocrx_word' id='word_1_179' title='bbox 526 2415 614 2477; x_wconf 90' lang='lat' dir='ltr'><strong>hodie</strong></span> <span class='ocrx_word' id='word_1_180' title='bbox 636 2416 798 2477; x_wconf 89' lang='lat' dir='ltr'><strong>moriemur</strong></span> <span class='ocrx_word' id='word_1_181' title='bbox 819 2408 925 2476; x_wconf 73' lang='lat' dir='ltr'><strong>inulti.²</strong></span> <span class='ocrx_word' id='word_1_182' title='bbox 1075 2414 1110 2469; x_wconf 83' lang='lat' dir='ltr'><strong>ttt</strong></span> 
     </span>
     <span class='ocr_line' id='line_1_27' title="bbox 135 2500 947 2581; baseline 0 -21"><span class='ocrx_word' id='word_1_183' title='bbox 135 2501 213 2562; x_wconf 88' lang='lat' dir='ltr'><strong>Hinc</strong></span> <span class='ocrx_word' id='word_1_184' title='bbox 235 2502 313 2561; x_wconf 83' lang='lat' dir='ltr'><strong>terro</strong></span> <span class='ocrx_word' id='word_1_185' title='bbox 335 2501 476 2579; x_wconf 84' lang='lat' dir='ltr'><strong>accingor</strong></span> <span class='ocrx_word' id='word_1_186' title='bbox 498 2519 601 2562; x_wconf 91' lang='lat' dir='ltr'><strong>rursus</strong></span> <span class='ocrx_word' id='word_1_187' title='bbox 623 2501 778 2581; x_wconf 92' lang='lat' dir='ltr'><strong>clipeoque</strong></span> <span class='ocrx_word' id='word_1_188' title='bbox 799 2500 947 2561; x_wconf 88' lang='lat' dir='ltr'><strong>sinistram</strong></span> 
     </span>
     <span class='ocr_line' id='line_1_28' title="bbox 52 2583 851 2666; baseline -0.003 -18"><span class='ocrx_word' id='word_1_189' title='bbox 52 2585 231 2648; x_wconf 88' lang='lat' dir='ltr'><strong>insertabam</strong></span> <span class='ocrx_word' id='word_1_190' title='bbox 253 2595 358 2665; x_wconf 92' lang='lat' dir='ltr'><strong>aptans</strong></span> <span class='ocrx_word' id='word_1_191' title='bbox 379 2604 486 2666; x_wconf 88' lang='lat' dir='ltr'><strong>meque</strong></span> <span class='ocrx_word' id='word_1_192' title='bbox 509 2593 590 2646; x_wconf 83' lang='lat' dir='ltr'><strong>extra</strong></span> <span class='ocrx_word' id='word_1_193' title='bbox 612 2594 690 2647; x_wconf 87' lang='lat' dir='ltr'><strong>tecta</strong></span> <span class='ocrx_word' id='word_1_194' title='bbox 712 2583 851 2646; x_wconf 81' lang='lat' dir='ltr'><strong>ferebam.</strong></span> 
     </span>
     <span class='ocr_line' id='line_1_29' title="bbox 50 2670 857 2751; baseline -0.004 -17"><span class='ocrx_word' id='word_1_195' title='bbox 50 2690 119 2734; x_wconf 89' lang='lat' dir='ltr'><strong>ecce</strong></span> <span class='ocrx_word' id='word_1_196' title='bbox 142 2681 239 2733; x_wconf 90' lang='lat' dir='ltr'><strong>antem</strong></span> <span class='ocrx_word' id='word_1_197' title='bbox 262 2670 414 2751; x_wconf 84' lang='lat' dir='ltr'><strong>complexa</strong></span> <span class='ocrx_word' id='word_1_198' title='bbox 437 2672 527 2751; x_wconf 92' lang='lat' dir='ltr'><strong>pedes</strong></span> <span class='ocrx_word' id='word_1_199' title='bbox 549 2671 580 2731; x_wconf 90' lang='lat' dir='ltr'><strong>in</strong></span> <span class='ocrx_word' id='word_1_200' title='bbox 603 2671 704 2731; x_wconf 92' lang='lat' dir='ltr'><strong>limine</strong></span> <span class='ocrx_word' id='word_1_201' title='bbox 726 2670 857 2732; x_wconf 82' lang='lat' dir='ltr'><strong>coniunx</strong></span> 
     </span>
     <span class='ocr_line' id='line_1_30' title="bbox 51 2755 783 2838; baseline -0.005 -18"><span class='ocrx_word' id='word_1_202' title='bbox 51 2756 190 2820; x_wconf 88' lang='lat' dir='ltr'><strong>haerebat</strong></span> <span class='ocrx_word' id='word_1_203' title='bbox 211 2774 391 2836; x_wconf 87' lang='lat' dir='ltr'><strong>parvumque</strong></span> <span class='ocrx_word' id='word_1_204' title='bbox 414 2757 490 2838; x_wconf 90' lang='lat' dir='ltr'><strong>patri</strong></span> <span class='ocrx_word' id='word_1_205' title='bbox 511 2755 651 2818; x_wconf 87' lang='lat' dir='ltr'><strong>tendebat</strong></span> <span class='ocrx_word' id='word_1_206' title='bbox 672 2755 783 2817; x_wconf 91' lang='lat' dir='ltr'><strong>lulum:</strong></span> 
     </span>
     <span class='ocr_line' id='line_1_31' title="bbox 47 2836 1117 2923; baseline -0.009 -18"><span class='ocrx_word' id='word_1_207' title='bbox 47 2836 85 2905; x_wconf 90' lang='lat' dir='ltr'><strong>‘si</strong></span> <span class='ocrx_word' id='word_1_208' title='bbox 108 2843 257 2923; x_wconf 89' lang='lat' dir='ltr'><strong>periturus</strong></span> <span class='ocrx_word' id='word_1_209' title='bbox 280 2841 357 2918; x_wconf 86' lang='lat' dir='ltr'><strong>abis,</strong></span> <span class='ocrx_word' id='word_1_210' title='bbox 381 2852 409 2904; x_wconf 92' lang='lat' dir='ltr'><strong>et</strong></span> <span class='ocrx_word' id='word_1_211' title='bbox 432 2862 488 2905; x_wconf 90' lang='lat' dir='ltr'><strong>nos</strong></span> <span class='ocrx_word' id='word_1_212' title='bbox 509 2861 580 2923; x_wconf 90' lang='lat' dir='ltr'><strong>rape</strong></span> <span class='ocrx_word' id='word_1_213' title='bbox 603 2842 633 2903; x_wconf 91' lang='lat' dir='ltr'><strong>in</strong></span> <span class='ocrx_word' id='word_1_214' title='bbox 657 2842 756 2902; x_wconf 90' lang='lat' dir='ltr'><strong>omnia</strong></span> <span class='ocrx_word' id='word_1_215' title='bbox 777 2850 894 2913; x_wconf 88' lang='lat' dir='ltr'><strong>tecum;</strong></span> <span class='ocrx_word' id='word_1_216' title='bbox 1079 2845 1117 2896; x_wconf 74' lang='lat' dir='ltr'><strong>att</strong></span> 
     </span>
     <span class='ocr_line' id='line_1_32' title="bbox 51 2923 948 3008; baseline -0.008 -17"><span class='ocrx_word' id='word_1_217' title='bbox 51 2929 96 2991; x_wconf 93' lang='lat' dir='ltr'><strong>sin</strong></span> <span class='ocrx_word' id='word_1_218' title='bbox 119 2929 247 3006; x_wconf 90' lang='lat' dir='ltr'><strong>aliquam</strong></span> <span class='ocrx_word' id='word_1_219' title='bbox 269 2937 407 3008; x_wconf 85' lang='lat' dir='ltr'><strong>expertus</strong></span> <span class='ocrx_word' id='word_1_220' title='bbox 429 2929 553 3008; x_wconf 89' lang='lat' dir='ltr'><strong>sumptis</strong></span> <span class='ocrx_word' id='word_1_221' title='bbox 574 2946 655 3007; x_wconf 91' lang='lat' dir='ltr'><strong>spem</strong></span> <span class='ocrx_word' id='word_1_222' title='bbox 680 2927 768 3006; x_wconf 93' lang='lat' dir='ltr'><strong>ponis</strong></span> <span class='ocrx_word' id='word_1_223' title='bbox 790 2925 820 2987; x_wconf 95' lang='lat' dir='ltr'><strong>in</strong></span> <span class='ocrx_word' id='word_1_224' title='bbox 843 2923 948 2998; x_wconf 85' lang='lat' dir='ltr'><strong>armis,</strong></span> 
     </span>
     <span class='ocr_line' id='line_1_33' title="bbox 51 3010 885 3094; baseline -0.005 -19"><span class='ocrx_word' id='word_1_225' title='bbox 51 3015 128 3075; x_wconf 89' lang='lat' dir='ltr'><strong>bane</strong></span> <span class='ocrx_word' id='word_1_226' title='bbox 149 3012 278 3094; x_wconf 91' lang='lat' dir='ltr'><strong>primum</strong></span> <span class='ocrx_word' id='word_1_227' title='bbox 301 3022 396 3075; x_wconf 91' lang='lat' dir='ltr'><strong>tutare</strong></span> <span class='ocrx_word' id='word_1_228' title='bbox 417 3014 546 3075; x_wconf 90' lang='lat' dir='ltr'><strong>domum.</strong></span> <span class='ocrx_word' id='word_1_229' title='bbox 590 3013 638 3073; x_wconf 93' lang='lat' dir='ltr'><strong>cni</strong></span> <span class='ocrx_word' id='word_1_230' title='bbox 660 3031 767 3092; x_wconf 86' lang='lat' dir='ltr'><strong>parvus</strong></span> <span class='ocrx_word' id='word_1_231' title='bbox 788 3010 885 3083; x_wconf 89' lang='lat' dir='ltr'><strong>lulus,</strong></span> 
     </span>
     <span class='ocr_line' id='line_1_34' title="bbox 52 3085 962 3179; baseline -0.007 -18"><span class='ocrx_word' id='word_1_232' title='bbox 52 3099 99 3161; x_wconf 92' lang='lat' dir='ltr'><strong>cui</strong></span> <span class='ocrx_word' id='word_1_233' title='bbox 122 3107 205 3179; x_wconf 89' lang='lat' dir='ltr'><strong>pater</strong></span> <span class='ocrx_word' id='word_1_234' title='bbox 227 3107 257 3158; x_wconf 89' lang='lat' dir='ltr'><strong>et</strong></span> <span class='ocrx_word' id='word_1_235' title='bbox 278 3098 410 3159; x_wconf 82' lang='lat' dir='ltr'><strong>coniunx</strong></span> <span class='ocrx_word' id='word_1_236' title='bbox 431 3100 580 3177; x_wconf 91' lang='lat' dir='ltr'><strong>quondam</strong></span> <span class='ocrx_word' id='word_1_237' title='bbox 603 3105 652 3159; x_wconf 90' lang='lat' dir='ltr'><strong>tua</strong></span> <span class='ocrx_word' id='word_1_238' title='bbox 675 3098 751 3158; x_wconf 90' lang='lat' dir='ltr'><strong>dicta</strong></span> <span class='ocrx_word' id='word_1_239' title='bbox 773 3085 962 3173; x_wconf 86' lang='lat' dir='ltr'><strong>relinquor‘l&#39;</strong></span> 
     </span>
     <span class='ocr_line' id='line_1_35' title="bbox 137 3179 949 3262; baseline -0.009 -17"><span class='ocrx_word' id='word_1_240' title='bbox 137 3183 216 3245; x_wconf 86' lang='lat' dir='ltr'><strong>Talia</strong></span> <span class='ocrx_word' id='word_1_241' title='bbox 238 3184 402 3244; x_wconf 81' lang='lat' dir='ltr'><strong>vociferans</strong></span> <span class='ocrx_word' id='word_1_242' title='bbox 424 3183 535 3262; x_wconf 83' lang='lat' dir='ltr'><strong>gemitu</strong></span> <span class='ocrx_word' id='word_1_243' title='bbox 556 3190 667 3243; x_wconf 87' lang='lat' dir='ltr'><strong>tectum</strong></span> <span class='ocrx_word' id='word_1_244' title='bbox 691 3200 779 3243; x_wconf 92' lang='lat' dir='ltr'><strong>omne</strong></span> <span class='ocrx_word' id='word_1_245' title='bbox 801 3179 949 3260; x_wconf 87' lang='lat' dir='ltr'><strong>replebat,</strong></span> 
     </span>
     <span class='ocr_line' id='line_1_36' title="bbox 52 3267 905 3348; baseline -0.008 -17"><span class='ocrx_word' id='word_1_246' title='bbox 52 3289 120 3331; x_wconf 92' lang='lat' dir='ltr'><strong>cum</strong></span> <span class='ocrx_word' id='word_1_247' title='bbox 142 3269 272 3331; x_wconf 90' lang='lat' dir='ltr'><strong>subitum</strong></span> <span class='ocrx_word' id='word_1_248' title='bbox 294 3268 434 3348; x_wconf 89' lang='lat' dir='ltr'><strong>dictuque</strong></span> <span class='ocrx_word' id='word_1_249' title='bbox 456 3268 552 3328; x_wconf 88' lang='lat' dir='ltr'><strong>oritur</strong></span> <span class='ocrx_word' id='word_1_250' title='bbox 572 3267 704 3328; x_wconf 90' lang='lat' dir='ltr'><strong>mirabile</strong></span> <span class='ocrx_word' id='word_1_251' title='bbox 727 3275 905 3328; x_wconf 86' lang='lat' dir='ltr'><strong>monstrum.</strong></span> 
     </span>
     <span class='ocr_line' id='line_1_37' title="bbox 53 3353 920 3434; baseline -0.008 -18"><span class='ocrx_word' id='word_1_252' title='bbox 53 3372 181 3434; x_wconf 90' lang='lat' dir='ltr'><strong>namque</strong></span> <span class='ocrx_word' id='word_1_253' title='bbox 203 3372 309 3415; x_wconf 91' lang='lat' dir='ltr'><strong>manus</strong></span> <span class='ocrx_word' id='word_1_254' title='bbox 332 3353 409 3413; x_wconf 87' lang='lat' dir='ltr'><strong>inter</strong></span> <span class='ocrx_word' id='word_1_255' title='bbox 431 3361 668 3430; x_wconf 90' lang='lat' dir='ltr'><strong>maestorumque</strong></span> <span class='ocrx_word' id='word_1_256' title='bbox 691 3370 743 3413; x_wconf 92' lang='lat' dir='ltr'><strong>ora</strong></span> <span class='ocrx_word' id='word_1_257' title='bbox 765 3360 920 3431; x_wconf 89' lang='lat' dir='ltr'><strong>parentum</strong></span> 
     </span>
     <span class='ocr_line' id='line_1_38' title="bbox 54 3436 717 3502; baseline -0.008 0"><span class='ocrx_word' id='word_1_258' title='bbox 54 3459 123 3502; x_wconf 89' lang='lat' dir='ltr'><strong>ecce</strong></span> <span class='ocrx_word' id='word_1_259' title='bbox 145 3440 214 3501; x_wconf 87' lang='lat' dir='ltr'><strong>levis</strong></span> <span class='ocrx_word' id='word_1_260' title='bbox 237 3458 350 3501; x_wconf 91' lang='lat' dir='ltr'><strong>summo</strong></span> <span class='ocrx_word' id='word_1_261' title='bbox 374 3437 410 3498; x_wconf 91' lang='lat' dir='ltr'><strong>de</strong></span> <span class='ocrx_word' id='word_1_262' title='bbox 432 3437 541 3499; x_wconf 90' lang='lat' dir='ltr'><strong>vertice</strong></span> <span class='ocrx_word' id='word_1_263' title='bbox 562 3437 641 3498; x_wconf 92' lang='lat' dir='ltr'><strong>visus</strong></span> <span class='ocrx_word' id='word_1_264' title='bbox 663 3436 717 3497; x_wconf 94' lang='lat' dir='ltr'><strong>luli</strong></span> 
     </span>
     <span class='ocr_line' id='line_1_39' title="bbox 53 3521 816 3603; baseline -0.009 -15"><span class='ocrx_word' id='word_1_265' title='bbox 53 3526 178 3588; x_wconf 87' lang='lat' dir='ltr'><strong>fundere</strong></span> <span class='ocrx_word' id='word_1_266' title='bbox 201 3525 299 3586; x_wconf 91' lang='lat' dir='ltr'><strong>lumen</strong></span> <span class='ocrx_word' id='word_1_267' title='bbox 323 3541 397 3603; x_wconf 81' lang='lat' dir='ltr'><strong>apex</strong></span> <span class='ocrx_word' id='word_1_268' title='bbox 418 3531 556 3601; x_wconf 89' lang='lat' dir='ltr'><strong>tactuque</strong></span> <span class='ocrx_word' id='word_1_269' title='bbox 578 3522 697 3583; x_wconf 82' lang='lat' dir='ltr'><strong>innoxia</strong></span> <span class='ocrx_word' id='word_1_270' title='bbox 720 3521 816 3582; x_wconf 91' lang='lat' dir='ltr'><strong>mollis</strong></span> 
     </span>
     <span class='ocr_line' id='line_1_40' title="bbox 54 3605 894 3686; baseline -0.011 -12"><span class='ocrx_word' id='word_1_271' title='bbox 54 3613 183 3674; x_wconf 89' lang='lat' dir='ltr'><strong>lambere</strong></span> <span class='ocrx_word' id='word_1_272' title='bbox 206 3612 320 3671; x_wconf 83' lang='lat' dir='ltr'><strong>flamma</strong></span> <span class='ocrx_word' id='word_1_273' title='bbox 343 3625 442 3670; x_wconf 91' lang='lat' dir='ltr'><strong>comas</strong></span> <span class='ocrx_word' id='word_1_274' title='bbox 464 3619 494 3669; x_wconf 89' lang='lat' dir='ltr'><strong>et</strong></span> <span class='ocrx_word' id='word_1_275' title='bbox 515 3608 625 3669; x_wconf 88' lang='lat' dir='ltr'><strong>circum</strong></span> <span class='ocrx_word' id='word_1_276' title='bbox 648 3616 781 3686; x_wconf 90' lang='lat' dir='ltr'><strong>tempora</strong></span> <span class='ocrx_word' id='word_1_277' title='bbox 804 3605 894 3685; x_wconf 89' lang='lat' dir='ltr'><strong>pasci.</strong></span> 
     </span>
    </p>
   </div>
   <div class='ocr_carea' id='block_1_4' title="bbox 55 3804 1127 3947">
    <p class='ocr_par' dir='ltr' id='par_1_6' title="bbox 55 3804 1127 3947">
     <span class='ocr_line' id='line_1_41' title="bbox 55 3804 1127 3873; baseline -0.007 -9"><span class='ocrx_word' id='word_1_278' title='bbox 55 3830 119 3864; x_wconf 81' lang='lat' dir='ltr'><strong>num</strong></span> <span class='ocrx_word' id='word_1_279' title='bbox 136 3816 218 3866; x_wconf 84' lang='lat' dir='ltr'><strong>morti</strong></span> <span class='ocrx_word' id='word_1_280' title='bbox 235 3813 300 3864; x_wconf 87' lang='lat' dir='ltr'><strong>coni.</strong></span> <span class='ocrx_word' id='word_1_281' title='bbox 319 3810 357 3862; x_wconf 87' lang='lat' dir='ltr'><strong>lll.</strong></span> <span class='ocrx_word' id='word_1_282' title='bbox 420 3812 468 3860; x_wconf 83' lang='lat' dir='ltr'><strong>ant</strong></span> <span class='ocrx_word' id='word_1_283' title='bbox 484 3809 652 3858; x_wconf 80' lang='lat' dir='ltr'><strong>miserebitur</strong></span> <span class='ocrx_word' id='word_1_284' title='bbox 670 3805 845 3873; x_wconf 69' lang='lat' dir='ltr'><strong>prop0Waqn.</strong></span> <span class='ocrx_word' id='word_1_285' title='bbox 935 3807 984 3858; x_wconf 79' lang='lat'><strong>683</strong></span> <span class='ocrx_word' id='word_1_286' title='bbox 1004 3806 1080 3858; x_wconf 82' lang='lat' dir='ltr'><strong>molli</strong></span> <span class='ocrx_word' id='word_1_287' title='bbox 1100 3804 1127 3863; x_wconf 83' lang='lat' dir='ltr'><strong>V.</strong></span> 
     </span>
     <span class='ocr_line' id='line_1_42' title="bbox 55 3878 426 3947; baseline -0.011 -13"><span class='ocrx_word' id='word_1_288' title='bbox 55 3883 78 3933; x_wconf 89' lang='lat' dir='ltr'><strong>si</strong></span> <span class='ocrx_word' id='word_1_289' title='bbox 96 3882 212 3934; x_wconf 89' lang='lat' dir='ltr'><strong>audimus</strong></span> <span class='ocrx_word' id='word_1_290' title='bbox 230 3881 315 3947; x_wconf 86' lang='lat' dir='ltr'><strong>llenry</strong></span> <span class='ocrx_word' id='word_1_291' title='bbox 332 3878 350 3930; x_wconf 98' lang='lat' dir='ltr'><strong>ll</strong></span> <span class='ocrx_word' id='word_1_292' title='bbox 369 3880 426 3932; x_wconf 81' lang='lat'><strong>321.</strong></span> 
     </span>
    </p>
   </div>
   <div class='ocr_carea' id='block_1_5' title="bbox 0 0 1159 4394">
    <p class='ocr_par' dir='ltr' id='par_1_7' title="bbox 0 0 1159 4394">
     <span class='ocr_line' id='line_1_43' title="bbox 0 0 1159 4394; baseline 0 0"><span class='ocrx_word' id='word_1_293' title='bbox 0 0 1159 4394; x_wconf 95' lang='lat' dir='ltr'><strong> </strong></span> 
     </span>
    </p>
   </div>
  </div>
 </body>
</html>
