2286 4394
75 212 116 269 98
455 214 484 269 P.
496 214 623 270 vetetur
639 214 784 273 eleonis

74 383 125 461 qui
147 382 258 445 donum
280 383 412 446 adstabat
432 405 566 467 pugnae,
588 389 739 469 dumsque
759 391 882 455 reducta

73 466 189 529 libravit
209 469 310 530 dextra
333 469 426 531 media
449 471 528 534 inter
549 491 663 536 cornua
684 484 800 539 caestus

72 553 181 615 arduus
204 554 385 634 effractoque
406 555 498 619 inlisit
519 558 549 620 in
573 577 639 621 ossa
661 558 793 624 cerebro.
1101 574 1141 629 tn

71 638 214 700 sternitur
235 639 437 719 exanimisque
459 651 589 706 tremens
610 644 780 724 procumbit
801 647 884 710 humi
908 647 974 713 bos.

72 723 120 785 ille
141 742 231 803 super
253 725 318 787 talis
340 727 464 788 effundit
486 736 608 807 pectore
629 748 734 792 voces:

68 800 159 871 ‘hanc
181 808 249 883 tibi,
272 809 366 891 Eryx,
389 811 541 874 meliorem
564 814 689 875 animam
711 834 767 895 pro
789 824 886 879 morte
908 816 1027 882 llaretis

70 894 220 974 persolvo,
243 894 291 957 hic
313 896 406 958 victor
426 906 540 960 caestus
562 909 713 979 artemque
735 892 867 981 repono?

155 980 295 1042 Protinus
316 981 430 1043 heneas
452 983 540 1044 celeri
562 992 675 1046 certare
697 985 801 1065 sagitta

71 1066 174 1127 invitat
196 1065 246 1144 qui
268 1066 344 1127 lorte
366 1065 455 1127 velint
476 1076 507 1129 et
527 1069 656 1147 praemia
678 1070 764 1150 ponit

71 1151 242 1229 ingentique
265 1168 353 1213 manu
376 1150 485 1213 malum
506 1152 543 1214 de
565 1171 638 1215 nare
659 1154 768 1217 Seresti

70 1236 155 1315 erigit
177 1244 206 1295 et
227 1235 375 1296 volucrem
398 1237 519 1298 traiecto
541 1238 571 1299 in
595 1239 667 1301 lune
690 1238 871 1317 columbam,

70 1338 128 1398 quo
152 1320 274 1380 tendant
295 1321 421 1395 ferrum,
443 1322 520 1383 malo
542 1324 698 1403 suspendit
718 1323 755 1385 ab
778 1324 845 1387 alto.

69 1422 236 1466 convenere
258 1404 310 1466 viri
333 1406 533 1487 deiectumque
555 1425 640 1469 aerea
661 1418 772 1471 sortem

69 1489 183 1569 accepit
203 1489 300 1569 galea:
323 1499 353 1553 et
373 1492 488 1570 primus
509 1493 636 1555 clamore
658 1495 789 1556 secundo
819 1522 823 1531 ·

69 1573 241 1653 Hyrtacidae
263 1584 332 1637 ante
354 1577 452 1639 omnis
473 1578 533 1639 exit
554 1578 638 1641 locus
660 1578 892 1659 Hippocoontis3

68 1677 155 1737 quem
177 1661 265 1720 modo
290 1661 381 1722 navali
404 1661 575 1727 Mnestheus
596 1664 758 1726 certamine
778 1665 873 1727 victor

67 1744 274 1823 consequitur,
296 1746 381 1807 viridi
402 1746 573 1811 Mnestheus
595 1748 729 1811 evinctus
751 1749 841 1826 olira3

67 1829 172 1891 tertius
193 1830 354 1912 Eurytion,
376 1840 462 1905 tuus,
486 1852 503 1893 o
526 1833 700 1908 clarissime,
723 1835 827 1908 irater,

67 1915 213 1990 Pandare,
236 1916 287 1996 qui
309 1917 459 1995 quondam
481 1918 578 1980 iussus
600 1919 783 1981 confundere
804 1920 909 1983 foedus

67 2001 96 2062 in
120 2002 232 2064 medios
253 2003 343 2064 telum
365 2003 475 2065 torsisti
497 2003 612 2084 primus
633 2003 773 2080 hchis0s3

66 2101 216 2155 extremus
237 2091 377 2171 galeaque
398 2089 455 2150 ima
477 2087 609 2150 subsedit
629 2089 765 2163 Acestes,

64 2196 155 2240 ausus
177 2185 206 2239 et
227 2177 290 2256 ipse
312 2192 403 2236 manu
425 2173 562 2237 iuvenum
584 2182 727 2253 temptare
748 2172 889 2236 laborem.

151 2262 227 2323 Tum
248 2260 349 2322 reddis
370 2259 461 2321 ilexos
482 2258 638 2321 incurvant
659 2258 770 2321 viribus
790 2277 877 2322 arcus

65 2366 121 2427 pro
143 2365 175 2409 se
197 2346 321 2425 quisque
345 2344 396 2405 viri
420 2354 449 2405 et
470 2345 649 2424 depromunt
670 2344 727 2405 tela
748 2343 904 2424 pharetris.

64 2433 219 2512 primaque
241 2448 295 2511 per
316 2429 427 2490 caelum
451 2448 541 2492 nervo
563 2429 705 2490 stridente
726 2429 829 2507 sagitta

65 2516 239 2597 Hyrtacidae
262 2515 375 2576 iuvenis
396 2515 524 2577 volucris
545 2513 711 2575 diverberat
731 2531 817 2576 auras

64 2611 94 2664 et
115 2601 196 2662 venit
216 2600 387 2680 adversique
410 2599 543 2680 infigitur
564 2598 670 2660 arbore
692 2598 777 2674 mali;

64 2687 217 2748 intremuit
238 2687 331 2748 malus
352 2685 507 2764 timuitque
529 2684 666 2745 exterrita
688 2683 788 2764 pinnis

64 2774 124 2835 alos
146 2781 176 2833 et
197 2772 310 2852 ingenti
331 2779 498 2833 sonuerunt
519 2769 617 2831 omnia
639 2769 754 2849 plausu.

64 2866 132 2939 post
153 2876 221 2919 acer
242 2857 413 2919 Mnestheus
435 2856 560 2918 adducto
582 2854 714 2916 constitit
735 2870 805 2914 arcu

64 2944 120 3005 alta
142 2952 247 3024 petens
269 2942 437 3023 pariterque
460 2940 561 3004 oculos
583 2939 734 3017 telumque
755 2937 895 3013 tetendit;

63 3038 108 3091 ast
128 3029 220 3108 ipsam
243 3027 428 3088 miserandus
449 3045 530 3087 avem
553 3026 727 3104 contingere
748 3025 828 3085 lerro

65 3133 126 3174 non
149 3113 252 3173 valuit:
276 3112 370 3173 nodos
392 3120 421 3173 et
441 3111 556 3173 vincula
578 3110 656 3172 linea
677 3108 773 3189 rupit,

64 3198 129 3278 quis
151 3198 259 3258 innexa
281 3196 385 3276 pedem
409 3196 485 3256 malo
508 3195 656 3275 pendebat
676 3193 713 3255 ab
735 3193 809 3268 alto;

63 3284 111 3345 illa
134 3282 225 3343 Notos
247 3289 334 3360 atque
356 3290 418 3342 atra
440 3280 541 3343 volans
562 3280 592 3342 in
616 3279 718 3342 nubila
741 3277 823 3357 lugit

63 3379 124 3429 tum
148 3367 266 3446 rapidus
288 3366 456 3429 iamdudum
478 3383 549 3426 arcu
571 3372 712 3427 contenta
733 3370 834 3444 pareto

62 3454 120 3515 tela
141 3461 248 3514 tenens
269 3452 388 3513 lratrom
410 3451 554 3531 Eurytion
577 3450 607 3511 in
630 3458 696 3511 rota
718 3447 844 3522 vocavit,

62 3541 119 3602 iam
140 3556 232 3600 vacuo
256 3537 359 3599 laetam
382 3537 463 3599 caelo
486 3535 654 3616 speculatus
676 3544 706 3596 et
727 3534 780 3596 alis
1089 3534 1137 3588 tte

61 3624 250 3705 plaudentem
275 3623 357 3704 nigra
379 3623 442 3702 figit
462 3620 519 3683 sub
542 3620 622 3682 nube
643 3619 826 3694 columbam;

63 3737 200 3844 Ἷ-Θῖ
212 3738 300 3840 ponit]
318 3774 385 3825 dicit
401 3771 421 3824 P
451 3771 524 3823 Ribb.
613 3773 661 3824 tet
680 3773 866 3849 ingentemque
883 3764 922 3818 rr.
935 3762 964 3816 ll.
979 3761 1069 3847 belbe·
1079 3760 1135 3815 ed.¹

63 3843 136 3895 teto.
223 3844 273 3896 buli
291 3845 318 3891 et
334 3789 440 3906 ingerth·
457 3877 482 3892 ..
499 3841 597 3906 plnum
615 3838 698 3891 domn.
718 3836 791 3903 libb,
809 3851 834 3888 ιιι
853 3833 892 3887 ed.
910 3832 970 3885 mal.
989 3833 1138 3898 titumque

59 3945 88 3962 ..
105 3908 210 3974 plausu.
297 3912 346 3963 512
364 3910 435 3970 atra]
453 3908 509 3960 alta
528 3906 577 3977 1³7¹
589 3905 662 3959 thb.
