2474 4388
422 241 423 245 ,
452 196 613 253 subtritos
631 199 689 253 1115.
707 198 736 253 11.

57 367 175 442 debita,
198 369 250 447 qui
273 369 333 430 nati
356 387 455 431 coram
478 389 525 431 me
548 388 670 432 cernere
691 371 782 433 letum

58 453 156 516 fecisti
179 462 209 515 et
230 454 340 533 patrios
363 455 485 518 foedasti
507 457 613 517 funere
634 456 739 519 voltus.

59 547 89 598 at
111 557 174 600 non
197 539 263 613 ille,
284 548 380 601 satum
403 559 462 619 quo
485 550 514 603 te
536 541 686 616 mentiris,
709 543 835 604 Achilles

58 623 155 685 talis
147 643 178 685 ιιι
201 625 285 685 hoste
307 625 363 686 luit
386 625 516 701 Priamo,
538 625 619 687 sed
611 644 674 687 rura
696 627 843 706 fidemque

60 709 204 789 supplicis
225 709 345 771 erubuit
367 728 534 791 corpusque
555 729 705 791 exsangue
726 713 864 811 sepulcro

59 792 187 855 reddidit
208 793 387 856 Hectoreum
409 813 517 875 meque
539 795 569 857 iu
592 814 658 858 mea
678 815 771 876 regna
793 792 930 861 remisit'

60 878 103 939 sic
125 879 203 941 latus
224 880 325 941 senior
346 881 497 960 telumque
518 879 680 942 imbelle
656 900 722 944 sune
743 882 803 944 ictu

60 964 203 1039 coniecit,
226 983 316 1027 rauco
339 967 418 1045 quod
439 965 578 1063 protinus
599 985 666 1028 aere
687 967 839 1047 repulsum

61 1067 96 1109 eu
119 1067 235 1111 summo
258 1050 344 1154 clipei
367 1052 547 1132 nequiquam
569 1051 699 1113 umbone
722 1053 871 1150 pependit.

59 1135 109 1195 cui
131 1134 277 1214 Pyrrhus.
312 1135 423 1197 reseres
445 1154 516 1216 ergo
538 1136 611 1198 haec
633 1145 662 1198 et
684 1139 807 1199 nuntius
828 1131 939 1200 ibis

58 1219 179 1281 Pelidae
200 1220 344 1298 genitori,
367 1220 408 1281 illi
430 1239 495 1282 mea
516 1221 612 1283 tristia
634 1222 710 1283 lacta

58 1304 297 1384 degeneremque
319 1307 544 1386 Neoptolemum
568 1324 688 1368 narrare
710 1318 875 1384 memento;

58 1408 143 1451 nunc
164 1385 307 1452 morere.³
351 1391 409 1452 hoc
431 1393 533 1453 diceus
555 1391 655 1452 altaria
676 1392 741 1452 ad
734 1411 798 1472 ipsa
819 1401 997 1455 trementem

56 1475 146 1536 traxit
169 1475 228 1536 et
220 1495 250 1537 ιιι
273 1476 367 1537 multo
389 1476 554 1557 lapsantem
576 1477 720 1556 sanguine
742 1478 805 1542 nati

57 1559 263 1640 implicuitque
285 1579 400 1622 comam
422 1562 502 1623 laeva
523 1561 684 1641 dextraque
707 1581 864 1624 coruscum

58 1644 165 1707 extulit
184 1663 220 1707 ac
240 1647 324 1707 lateri
346 1647 451 1727 capulo
474 1656 563 1708 tenus
585 1647 695 1708 abdidit
716 1666 827 1710 ensem.

11 1783 18 1795 .
57 1729 133 1791 baec
154 1730 222 1792 finis
243 1731 367 1807 Priami,
391 1733 517 1793 latorum
539 1732 589 1793 hic
611 1733 706 1794 exitus
728 1732 811 1794 illum

57 1823 140 1876 sorte
160 1815 228 1877 tulit
250 1815 369 1877 Troiam
391 1817 544 1878 incensam
566 1826 596 1879 et
617 1818 754 1898 prolapsa
776 1818 923 1879 videntem

57 1900 218 1979 Pergama,
240 1909 285 1963 tot
307 1903 456 1981 quondam
479 1902 597 1982 populis
619 1903 765 1982 terrisque
787 1902 949 1983 superbum

57 1995 248 2066 regnatorem
269 1986 365 2048 Asiae.
409 1987 484 2048 iacet
505 1987 612 2066 ingens
634 1988 719 2049 litore
742 1996 883 2062 truncus,

57 2071 250 2150 avolsumque
272 2071 384 2133 umeris
406 2081 494 2152 caput
516 2081 545 2133 et
566 2072 631 2134 sine
653 2072 774 2133 nomine
797 2091 914 2152 corpus.

143 2157 182 2217 At
203 2175 250 2217 me
272 2165 335 2217 tum
356 2156 486 2236 primum
508 2174 612 2219 saevus
634 2157 827 2219 circumstetit
847 2158 963 2218 horror.

58 2238 203 2321 obstipui;
226 2239 316 2303 subiit
338 2242 398 2303 cari
420 2242 563 2321 genitoris
586 2242 697 2322 imago,
770 2259 771 2262 ’

56 2334 91 2388 ut
114 2343 214 2404 regem
237 2344 415 2405 aequaevum
439 2327 551 2389 crudeli
572 2328 692 2389 volnere
714 2327 771 2389 ridi

55 2411 146 2472 vitam
168 2412 366 2488 exhalantem3
388 2410 480 2474 subiit
501 2413 617 2473 deserta
640 2413 749 2475 Creusa

56 2504 89 2557 et
111 2496 223 2576 direpta
245 2497 351 2558 domus
372 2506 402 2558 et
423 2497 505 2577 parvi
527 2515 613 2559 casus
634 2498 698 2559 luli.

56 2581 186 2661 respicio
208 2590 254 2656 et,
276 2599 352 2660 quae
374 2582 413 2644 sit
433 2600 481 2644 me
504 2582 615 2644 circum
639 2584 738 2663 copia,
761 2583 870 2644 lustro:

56 2666 217 2728 deseruere
239 2685 344 2729 omnes
365 2667 472 2729 defessi
494 2677 523 2729 et
545 2686 672 2748 corpora
693 2667 770 2730 saltu
1086 2678 1129 2728 565

57 2750 95 2811 ad
119 2759 227 2812 terram
249 2752 356 2813 misere
379 2761 430 2813 aut
450 2752 569 2832 ignibus
592 2771 679 2833 aegra
701 2752 817 2814 dedere.

144 2835 263 2915 lamque
285 2838 358 2899 adeo
380 2855 470 2917 super
491 2856 571 2899 unus
593 2855 691 2912 eram,
713 2856 781 2898 cum
803 2836 905 2898 limina
928 2836 1031 2900 Vestae

55 2931 223 2982 servantem
247 2931 276 2982 et
299 2922 415 2983 tacitam
438 2931 552 2984 secreta
573 2923 604 2983 in
628 2924 696 2985 sede
718 2923 857 2983 latentem

55 3005 223 3086 Tyndarida
246 3006 373 3086 aspicio;
396 3007 467 3069 dant
488 3009 566 3070 clara
588 3008 725 3069 incendia
746 3007 842 3068 lucem

56 3090 169 3152 erranti
191 3091 360 3171 passimque
382 3093 485 3155 oculos
506 3111 561 3173 per
584 3101 689 3154 cuncta
711 3093 828 3153 terenti.
1086 3101 1130 3152 tto

55 3175 106 3236 illa
128 3175 183 3238 sibi
206 3176 330 3238 infestos
352 3196 451 3239 eversa
474 3177 512 3239 ob
535 3178 677 3258 Pergama
699 3177 831 3238 Teucros

55 3269 86 3321 et
108 3278 220 3340 poenas
242 3262 375 3323 Danaum
399 3272 428 3324 et
449 3262 558 3324 deserti
581 3263 716 3343 coniugis
738 3263 796 3324 iras
834 3331 836 3336 ,

86 3459 123 3524 Β
142 3464 191 3515 516
214 3464 258 3528 erc]
276 3468 302 3514 ct
318 3462 377 3514 libri
412 3462 499 3516 ccod.
512 3461 614 3515 Vratisl.
650 3480 679 3515 ec
696 3462 771 3517 Ribb.
843 3465 892 3516 552
910 3479 985 3515 coma
995 3461 1043 3531 Ργ1
1053 3462 1128 3517 11151).

53 3529 159 3581 laevam
177 3528 198 3581 P
214 3529 289 3583 Ribb.
394 3533 444 3584 554
461 3533 513 3595 bic]
532 3534 583 3583 ttae
600 3530 685 3585 Heius.
790 3535 839 3586 555
856 3547 916 3582 cors
933 3532 997 3582 tulit
1012 3533 1064 3582 inc.
1085 3529 1129 3582 Tr.

47 3590 137 3650 Gebb
155 3597 315 3664 distinguens
333 3601 392 3652 aute
416 3600 500 3652 illum.
580 3603 627 3652 551
647 3601 738 3652 dmtne
754 3599 843 3679 Mthtp
860 3599 925 3652 zoe.
946 3600 1019 3663 1887,
1035 3600 1093 3650 416.

52 3679 145 3718 renue
157 3666 252 3732 561186
271 3682 321 3720 non
341 3667 464 3720 exhibent
480 3667 547 3732 libri,
566 3668 616 3720 nisi
634 3668 655 3719 si
674 3669 718 3735 qui
736 3668 904 3720 recentissimi
922 3682 953 3718 cx
972 3666 1129 3732 praefatione

52 3731 147 3798 Servii,
169 3733 213 3802 qui
236 3733 353 3787 a'l'ucca
376 3740 402 3788 et
419 3735 496 3788 Vario
519 3750 565 3788 eos
589 3735 717 3788 detractos
741 3751 797 3788 esse
820 3734 894 3797 dicit,
917 3734 1039 3800 repetitos
1060 3734 1128 3787 inse-

51 3807 167 3855 ruerunt.
203 3803 367 3856 excluserunt
385 3818 431 3856 eos
449 3803 552 3870 Gruppe
571 3807 635 3868 113,
653 3803 752 3856 Ribb.
745 3819 771 3855 ιιι
789 3803 828 3856 ed.
848 3803 905 3854 mai
929 3802 970 3867 (ci.
989 3800 1056 3854 Prol.
1076 3805 1129 3864 931,

52 3869 147 3939 Haupt,
159 3868 249 3933 'l'lulo
267 3869 367 3924 Peerlk.
380 3887 442 3926 vero
456 3873 565 3937 5611623
578 3870 701 3924 delendos
713 3877 809 3924 censet
882 3873 931 3925 569
949 3871 1050 3922 clarum
1063 3870 1128 3924 libb·
