2474 4388
128 208 189 269 178
507 206 536 261 Ρ.
548 206 675 262 veteru
692 206 838 260 muudum

122 389 225 486 portat
246 399 341 479 equus
362 380 518 477 cristaque·
529 379 602 460 tegit
622 380 816 476 galeaflaurea
838 379 943 477 rubra:
1174 393 1201 442 m

136 474 330 546 ecqurser1t‚
356 483 487 538 mecum,
510 483 648 540 iuvenes,
672 483 723 544 qur
743 483 859 544 primus
880 485 909 526 m
933 465 1048 526 hostem
1073 463 1140 526 -f

127 541 176 613 en'
202 551 242 612 ait
264 560 294 613 et
314 550 441 612 iaculum
463 557 638 630 attorquens
660 549 765 611 emittit
785 550 814 611 in
839 569 938 624 auras,

126 636 307 718 principium
328 654 461 716 pugnae,
484 643 515 697 et
536 653 640 714 campe
662 653 727 697 sese
749 635 859 697 arduus
881 635 981 697 infert.

127 722 286 783 clamorem
308 720 461 800 excipiunt
481 721 554 783 sccii
576 720 755 800 fremituque
776 728 945 798 sequuntur

125 807 301 881 horris0n03
324 807 473 867 Teucrum
495 805 641 867 mirantur
662 805 767 867 inertia
789 806 893 867 corda:

127 912 189 953 non
212 911 306 971 aequo
329 893 399 952 dare
421 910 452 952 se
474 909 593 969 campo,
616 909 677 952 nun
702 891 787 952 obvia
808 893 886 952 ferre

126 995 206 1039 arma
228 977 321 1051 viros,
344 976 395 1038 sed
418 984 513 1038 castra
533 977 642 1036 fovere.
686 977 744 1038 huc
766 976 904 1037 turbidus
925 986 1014 1055 atque
1035 975 1096 1036 huc

124 1063 230 1125 lustrat
251 1080 329 1143 eque
350 1079 453 1123 mures
474 1061 645 1139 aditumque
666 1079 720 1140 per
741 1061 803 1122 avia
826 1062 950 1142 quaerit.

125 1166 159 1209 ac
180 1147 269 1209 veluti
291 1147 380 1226 pleno
403 1146 491 1226 lupus
512 1146 666 1208 insidiatus
689 1145 756 1208 ovili

125 1251 194 1296 cum
216 1233 314 1293 fremit
334 1231 370 1292 ad
392 1230 490 1294 caulas
510 1239 618 1292 ventos
636 1249 796 1312 perpessus
817 1238 847 1292 et
867 1230 970 1292 imbris

127 1326 215 1380 nocte
236 1335 326 1397 super
347 1316 457 1392 media;
479 1316 535 1377 tuti
556 1315 613 1381 sub
633 1315 778 1378 matribus
800 1316 869 1395 agni

125 1402 255 1464 balatum
277 1409 430 1476 exercent,
450 1401 501 1465 ille
523 1419 610 1480 asper
630 1408 661 1462 et
680 1401 835 1480 improbus
856 1401 898 1461 ira

125 1488 216 1551 saevit
236 1487 267 1548 in
290 1486 435 1561 absentis,
458 1485 581 1547 collecta
602 1486 703 1565 fatiget
724 1486 830 1547 edendi

127 1593 163 1634 ex
183 1574 274 1651 lengo
297 1571 394 1633 rabies
416 1580 445 1632 et
466 1570 561 1632 siccae
583 1571 728 1651 sauguine
749 1572 865 1633 fauces:

125 1658 204 1720 haud
226 1657 310 1718 aliter
331 1656 440 1717 Rutulo
462 1674 564 1717 mures
587 1665 617 1718 et
635 1665 733 1718 eastra
755 1656 851 1719 tuenti

125 1743 283 1822 ignescunt
303 1743 378 1818 irae3
401 1741 482 1803 duris
504 1740 589 1803 delur
610 1741 727 1805 ossibus
749 1741 841 1803 ardet.

127 1847 185 1909 qua
205 1836 330 1908 temptet
351 1827 465 1888 ratione
487 1827 597 1900 aditus,
621 1836 651 1888 et
673 1845 748 1907 quae
769 1826 815 1887 via
836 1825 950 1887 clausus

125 1913 254 1976 excutiat
275 1913 407 1974 Teucros
428 1911 502 1973 vallo
525 1919 613 1990 atque
635 1913 767 1973 effundat
788 1912 819 1972 in
841 1907 990 1989 aequum?

126 1999 264 2073 classem,
288 2015 363 2078 quae
383 1997 468 2058 lateri
489 2006 654 2059 castrorum
675 1999 813 2059 adiuncta
834 1995 955 2069 latebat,

125 2084 282 2163 aggeribus
302 2090 433 2163 saeptam
455 2083 568 2144 circum
590 2091 619 2144 et
639 2082 804 2144 fluvialibus
825 2083 927 2157 undis,

126 2169 236 2230 invadit
256 2168 411 2247 sociosque
432 2168 570 2231 incendia
591 2169 687 2248 poscit
709 2168 822 2228 ovantis

126 2263 214 2335 atque
236 2272 358 2314 manum
379 2253 451 2332 pinu
476 2253 610 2332 flagranti
631 2252 760 2314 fervidus
782 2252 894 2331 implet.

125 2348 190 2402 tum
211 2358 282 2401 vere
303 2337 496 2412 incumbunt,
519 2348 606 2417 urget
628 2338 794 2417 praesentia
816 2335 924 2409 Turni,

126 2433 214 2504 atque
237 2424 334 2485 omnis
354 2423 468 2484 facibus
489 2424 584 2502 pubes
605 2423 770 2501 accingitur
792 2422 872 2483 atris.

126 2510 274 2590 diripuere
296 2509 394 2570 foces:
416 2509 535 2587 piceum
555 2509 614 2570 fert
636 2508 744 2570 fumida
767 2508 868 2569 lumen

125 2593 209 2656 taeda
232 2602 263 2654 et
284 2593 469 2654 commixtam
491 2593 639 2655 Volcanus
660 2593 696 2654 ad
719 2601 795 2655 astra
817 2591 950 2653 favillam.

212 2678 284 2750 Quis
306 2679 391 2752 deus,
416 2698 433 2740 ο
456 2678 569 2753 Musae,
593 2687 651 2740 tam
673 2697 756 2741 saeva
778 2679 915 2739 incendia
937 2674 1061 2736 Teucris

127 2761 253 2825 avertit?
275 2772 373 2825 tantos
395 2764 508 2826 ratibus
531 2764 597 2843 quis
619 2763 731 2843 depulit
752 2760 853 2842 iguis‘l

126 2849 223 2911 dicite.
265 2849 363 2930 prisca
384 2849 456 2911 fides
477 2850 572 2924 facto,
594 2849 646 2911 sed
668 2848 743 2910 fama
765 2847 917 2928 perennis.

211 2935 358 3014 Tempore
380 2952 440 3012 quc
461 2935 590 3014 primum
612 2934 739 3014 Phrygia
760 2933 907 2995 formabat
926 2930 957 2992 in
980 2928 1029 2991 lda

126 3021 240 3081 deneas
262 3020 384 3081 classem
407 3030 437 3081 et
457 3019 553 3098 pelagi
575 3027 676 3098 petere
699 3019 756 3080 alta
777 3017 914 3098 parabat,

125 3105 189 3183 ipsa
211 3105 298 3164 deum
319 3105 414 3166 fertur
434 3105 569 3184 genetrix
590 3104 765 3184 Berecyntia
785 3120 927 3182 magnum

125 3189 247 3251 vocibus
268 3189 314 3250 his
334 3190 430 3250 adfata
450 3190 563 3251 levem:
583 3183 651 3263 ‘da‚
674 3197 758 3264 nate,
781 3188 910 3268 petenti,

127 3275 205 3353 qued
227 3282 278 3334 tua
300 3293 367 3335 cara
387 3293 497 3353 pareus
518 3274 629 3337 demite
650 3282 680 3335 te
701 3275 799 3354 puscit
819 3273 954 3354 Olympo.

126 3359 214 3438 pinea
236 3358 307 3421 silva
328 3359 400 3420 mihi
421 3359 532 3421 multes
552 3359 658 3420 dilecta
679 3378 734 3439 per
755 3377 866 3434 anu0s;

126 3443 211 3506 lucus
231 3445 262 3505 in
286 3463 354 3505 arce
375 3445 431 3506 fuit
452 3462 579 3519 summa,
602 3463 662 3524 quo
684 3463 767 3506 sacra
789 3444 940 3516 ferebant,

212 3609 424 3676 minumum
510 3615 543 3664 54
561 3610 682 3662 -mereF
717 3611 834 3662 clamore
851 3609 902 3680 1³7²
918 3607 961 3673 (cf.
976 3607 1061 3672 Serv.)
1079 3606 1139 3660 bad.

128 3681 160 3733 66
178 3679 301 3732 dureceP
404 3686 464 3747 post
481 3681 556 3731 ardut
578 3694 677 3733 comma
698 3680 760 3745 poni
778 3679 826 3731 sol.
844 3683 906 3731 mut
924 3675 1024 3728 Peerllr.
1114 3677 1147 3727 67
1167 3677 1204 3736 et]

127 3753 176 3800 aut
193 3748 258 3801 coni.
311 3762 368 3814 agn.
454 3765 507 3814 qua
525 3750 570 3799 uia
587 3747 647 3799 libri
663 3753 765 3814 praeter
782 3746 837 3798 P¹R
872 3761 926 3812 quc
942 3748 1000 3796 eice
1017 3741 1122 3794 Withof
1139 3741 1205 3794 lirit.

127 3815 344 3872 sumerulver.
380 3832 434 3881 qua
450 3819 479 3868 ui
496 3815 571 3869 Ribb.
640 3817 673 3869 68
692 3831 793 3881 aequor
804 3813 971 3885 P¹ybchbb
1049 3814 1083 3864 79
1101 3809 1206 3871 factost

127 3889 154 3934 ot
170 3883 245 3945 sama
264 3883 365 3936 Weidu.
384 3883 448 3951 39¹).
536 3885 567 3937 85
585 3887 615 3935 ut
632 3883 736 3950 dittogr.
754 3898 779 3936 v.
798 3885 856 3950 86χῖ
875 3882 936 3935 secl.
954 3879 1029 3934 Ribb.
