2474 4388
445 208 606 264 Annnluos
624 209 683 263 LlB.
702 209 739 262 lll.

51 381 236 464 perferimus
258 399 332 456 nee,
355 400 431 460 quae
452 383 583 443 sonitum
605 381 655 442 det
677 400 778 456 causa,
801 381 941 444 videmus.

53 487 126 531 nam
148 486 249 546 neque
271 474 356 527 erant
375 476 522 527 astrorum
546 467 631 544 ignes
654 485 710 527 neo
732 466 846 527 lucidus
868 467 968 528 aethra

54 554 172 616 siderea
194 552 297 632 polus,
321 551 448 613 obscuro
470 553 522 613 sed
546 551 646 612 nubila
669 551 768 625 caelo,

56 649 87 700 et
107 639 210 701 lunam
232 637 263 697 in
287 635 388 697 nimbo
412 655 472 697 nox
494 636 670 715 intempesta
692 635 821 697 tenebat.

142 723 265 784 Postera
287 721 404 799 iamque
427 721 489 782 dies
511 722 607 801 primo
629 721 770 799 surgebat
792 721 855 782 Eoo

56 816 270 885 umentemque
292 807 406 867 Aurora
427 806 497 884 polo
519 806 680 867 dimoverat
701 805 853 880 umbram,

58 911 127 974 cum
149 891 249 955 subito
271 911 288 953 e
309 890 388 953 silvis
409 891 502 952 macie
525 891 659 952 conlecta
682 909 821 970 suprema

57 977 154 1058 ignoti
177 994 253 1038 nova
274 978 368 1037 forma
389 975 444 1037 viri
467 976 693 1054 miserandaque
715 977 797 1037 cultu

58 1061 196 1142 procedit
217 1061 402 1142 supplexque
423 1079 529 1122 manus
551 1060 587 1121 ad
609 1060 694 1121 litora
717 1060 821 1121 tendit.

59 1147 236 1228 repicimus:
259 1146 322 1207 dira
344 1145 470 1207 inluvies
491 1147 680 1224 immissaque
702 1144 810 1219 barba,

59 1241 232 1294 consertum
255 1239 395 1310 tegumen
418 1231 529 1310 spinis;
552 1240 581 1291 at
602 1239 699 1292 cetera
723 1230 842 1304 Graius,

58 1327 89 1378 et
112 1316 263 1396 quondam
285 1315 388 1395 patriis
409 1317 444 1377 ad
468 1316 585 1376 Troiam
608 1315 715 1376 missus
737 1315 767 1376 in
791 1315 890 1377 armis.

59 1403 147 1481 isque
169 1400 221 1464 ubi
243 1400 406 1462 Dardanios
426 1399 544 1462 habitus
566 1409 596 1461 et
617 1400 706 1461 Trota
728 1400 799 1461 vidit

59 1505 142 1547 arma
163 1486 284 1565 procul,
307 1485 428 1565 paulum
450 1494 572 1565 aspectu
595 1485 775 1546 conterritus
797 1486 891 1547 haesit

60 1571 270 1651 continuitque
292 1571 414 1648 gradum
421 1589 430 1645 ;
452 1589 522 1632 mox
543 1589 608 1632 sese
630 1569 666 1630 ad
689 1570 774 1631 litora
797 1588 940 1650 praeceps

60 1675 131 1718 cum
154 1657 226 1717 lletu
247 1653 445 1736 precibusque
468 1655 549 1716 tulit:
570 1650 637 1735 ‘per
659 1655 754 1717 sidera
776 1664 885 1725 testor,

61 1759 117 1822 per
140 1759 266 1821 superos
287 1749 376 1819 atque
398 1741 458 1804 hoc.
476 1740 551 1801 caeli
572 1739 711 1820 spirabile
734 1741 851 1815 lumen,

62 1826 157 1887 tollite
178 1845 242 1900 me,
265 1825 388 1899 Teucri,
414 1843 616 1905 quascumque
638 1825 773 1886 abducite
795 1834 906 1900 terras;

61 1912 122 1972 hoc
143 1919 188 1972 sat
210 1910 275 1972 erit.
319 1910 380 1971 seio
403 1928 450 1971 me
473 1910 580 1972 Danais
604 1930 619 1971 e
642 1911 784 1972 elassibus
807 1928 900 1971 unum

64 2005 94 2056 ot
116 1995 195 2057 bello
217 1995 322 2057 diacos
343 1995 438 2056 fateor
459 1995 579 2075 petiisse
601 1995 725 2075 penatis.

63 2098 122 2160 pro
144 2099 220 2160 quo,
242 2081 268 2142 si
289 2079 408 2141 sceleris
430 2082 512 2142 tanta
534 2088 578 2142 est
600 2081 707 2143 iniuria
731 2080 840 2153 nostri,

64 2167 196 2246 spargite
216 2166 316 2226 mein
339 2165 448 2226 ductus
469 2176 609 2244 vastoque
632 2165 797 2243 immergite
819 2172 922 2243 ponto.

64 2253 89 2312 si
112 2268 220 2330 pereo,
242 2249 396 2311 hominum
418 2250 557 2312 manibus
579 2250 702 2329 periisse
725 2239 858 2311 iuvabit’

65 2335 180 2397 dixerat
201 2343 232 2396 et
253 2352 349 2414 genua
372 2335 533 2415 amplexus.
546 2334 732 2415 genibusque
755 2334 889 2396 volutans

64 2419 218 2481 haerebat.
262 2419 312 2498 qui
334 2420 387 2491 sit,
409 2419 479 2493 fari,
501 2439 561 2499 quo
584 2421 729 2499 sanguine
752 2429 867 2490 cretus,

65 2506 237 2577 hortamur,
260 2522 335 2583 quae
357 2503 464 2565 deinde
487 2505 576 2583 agitet
597 2507 733 2578 fortuna,
757 2505 851 2566 lateri.

67 2590 132 2669 ipse
153 2597 239 2668 pater
260 2589 392 2650 dextram
415 2589 558 2651 Anchises
579 2591 656 2651 haud
679 2591 771 2651 multa
794 2598 926 2651 moratus

67 2676 119 2735 dat
140 2673 238 2736 iuveni
260 2683 348 2753 atque
369 2673 501 2736 animum
524 2675 672 2754 praesenti
694 2675 822 2754 pignore
842 2676 948 2736 firmat.

68 2760 118 2820 ille
140 2759 215 2820 haec
236 2758 367 2839 deposita
390 2758 508 2820 tandem
530 2760 689 2820 formidine
712 2760 804 2821 latur:

67 2838 146 2905 ‘sum
169 2843 264 2923 patria
287 2862 323 2904 ex
344 2843 461 2918 lthaca,
484 2863 584 2906 comes
605 2844 730 2906 infelicis
753 2845 843 2917 Ulixi,

70 2929 194 2990 nomine
216 2929 461 3002 Achaemenides,
484 2929 602 2990 Troiam
625 2930 759 3008 genitore
786 2929 942 2989 Adamasto

69 3031 203 3094 paupere
225 3010 453 3096 (mansissetque
475 3014 589 3075 utinam
611 3011 764 3095 fortunat)
787 3015 948 3093 profectus.

69 3099 208 3172 hicme,
231 3097 299 3159 dum
322 3098 429 3177 trepidi
451 3098 581 3160 crudelia
604 3099 705 3160 limina
726 3099 881 3177 linquunt,

70 3184 262 3245 immemores
283 3183 356 3246 socii
377 3192 459 3245 vasto
482 3184 617 3264 Cyclopis
639 3184 668 3244 iu
692 3191 779 3245 antro

70 3269 241 3330 deseruere.
284 3267 390 3330 domus
411 3269 492 3330 sanie
515 3269 699 3348 dapibusque
720 3271 868 3343 cruentis,

71 3355 155 3415 intus
177 3371 284 3432 opaea,
307 3353 424 3432 ingens.
467 3354 530 3433 ipse
552 3354 676 3425 arduus,
699 3355 816 3432 altaque
845 3355 943 3434 pulsat

72 3438 169 3500 sidera
192 3435 250 3521 (di,
272 3437 359 3499 talem
381 3439 469 3500 terris
490 3439 611 3499 avertite
634 3448 747 3519 pestem
756 3435 777 3520 l)

73 3541 132 3584 uec
152 3522 217 3584 risu
238 3522 331 3584 facilis
353 3541 409 3584 nec
431 3523 511 3585 dictu
534 3523 667 3585 adfabilis
689 3524 750 3584 ulli.

71 3606 236 3669 visceribus
256 3608 433 3669 miseromm
455 3616 485 3669 et
506 3608 651 3686 sanguine
672 3609 801 3670 vescitur
822 3616 895 3668 atro.

71 3692 132 3754 ridi
153 3700 285 3771 egomet,
309 3692 368 3753 duo
390 3692 426 3754 de
449 3711 575 3755 numero
598 3712 665 3755 oum
688 3711 814 3774 corpora
841 3700 945 3754 nostro

160 3842 211 3894 aad
230 3839 314 3896 damu.
331 3841 428 3911 lleyne,
447 3840 521 3895 Rihb.
540 3843 592 3896 alil.
662 3845 697 3910 et]
716 3847 748 3894 ut
763 3841 838 3896 Wak.
926 3843 975 3896 600
996 3853 1093 3890 numen
1112 3833 1150 3887 Μι

74 3907 151 3962 lllbb.
185 3924 282 3962 nomen
300 3910 332 3962 P¹
421 3914 468 3965 146
486 3927 582 3964 noman
600 3911 673 3964 ab²c²
689 3910 750 3962 —P
