2474 4388
447 248 608 303 AENEIDOS
626 250 685 305 LIB.
703 252 754 306 ΧΠ.

54 421 128 483 hinc
149 429 238 499 atquc
260 419 330 482 hinc
353 421 471 502 oditque
493 441 591 485 moras
612 423 785 504 hastamque
807 437 952 490 coruscat.

55 514 216 588 postquam
237 505 342 568 habihs
364 507 446 568 lateri
468 508 582 587 clipeus
604 508 754 589 loricaque
777 520 862 592 tergo
885 522 944 588 est,

55 592 218 655 Ascanium
239 591 313 653 fusis
334 592 447 654 circum
469 593 675 672 complectitur
697 596 784 658 armis

56 696 232 756 summaque
253 695 308 758 per
330 678 441 756 galeam
464 677 597 740 delibans
619 680 717 741 oscula
739 682 831 742 latur:

53 757 166 838 ‘disce,
188 781 278 844 puer,
300 763 438 824 virtutem
460 783 496 825 ex
517 782 564 825 me
587 783 747 845 verumque
768 765 914 842 laborem,

58 849 208 910 tonunam
231 848 361 910 euobis.
405 867 487 911 nunc
509 859 624 911 tamea
646 850 764 912 dextera
787 851 863 912 bello

58 935 215 995 delensum
237 932 317 994 dabit
339 942 368 994 et
388 952 495 1014 magna
517 936 597 996 iuter
617 937 746 1015 praemia
768 938 870 1012 ducet;

58 1029 92 1081 tu
115 1019 219 1093 facito,
241 1037 311 1079 mox
333 1036 400 1080 cum
422 1028 537 1081 matura
558 1019 716 1082 adoleverit
737 1030 830 1096 aetas,

60 1105 100 1166 sis
124 1121 238 1165 memor
259 1113 289 1165 et
309 1112 339 1165 te
362 1105 459 1165 animo
483 1113 666 1186 repetentem
689 1107 821 1186 exempla
843 1116 962 1168 tuorum

61 1198 90 1250 et
112 1198 196 1269 pater
216 1189 331 1250 Aeneas
354 1198 383 1251 et
405 1191 567 1252 avunculus
589 1191 696 1252 excitet
718 1188 852 1252 Hector.'

148 1274 227 1334 llaec
248 1275 300 1335 ubi
322 1271 399 1337 dicta
421 1276 514 1350 dedit,
537 1276 631 1355 portis
652 1295 717 1338 sese
740 1277 843 1337 extuht
864 1277 971 1358 ingens

60 1358 154 1421 telum
175 1359 302 1421 immane
325 1379 415 1421 manu
436 1361 588 1439 quatiens,
610 1361 698 1422 simul
719 1362 836 1442 agmine
858 1364 950 1425 denso

59 1445 254 1523 Antheusque
276 1445 505 1525 Mnestheusque
526 1455 619 1508 ruunt
640 1447 797 1526 omnisque
818 1448 927 1511 relictis

60 1529 148 1591 turba
170 1530 234 1591 lluit
255 1531 368 1592 castris.
412 1540 474 1592 tum
497 1551 585 1593 caeco
608 1532 728 1610 pulvere
750 1551 872 1613 campus

61 1615 204 1676 miscetur
225 1616 373 1695 pulsuque
394 1617 503 1696 pedum
525 1617 627 1677 tremit
648 1618 742 1678 excita
764 1619 859 1679 tellus.

60 1699 133 1761 vidit
154 1698 191 1760 ab
213 1702 333 1762 adverso
355 1702 501 1763 venientis
523 1719 630 1780 aggere
651 1701 785 1776 Turnus,

61 1785 161 1847 ridere
182 1786 307 1848 Ausonii
327 1787 500 1866 gehdusque
522 1805 576 1865 per
597 1787 654 1846 ima
678 1786 810 1847 cucurrit

62 1889 130 1932 ossa
154 1878 280 1946 tremor,
303 1872 397 1951 prima
419 1880 487 1933 ante
510 1871 607 1932 omnis
628 1871 753 1932 Iuturna
775 1870 895 1932 Latinos

62 1955 155 2017 audiit
175 1955 372 2037 adgnovitque
394 1976 499 2019 sonum
522 1967 551 2018 et
573 1957 742 2017 tremefacta
764 1956 881 2035 refugit.

61 2041 112 2102 ille
134 2042 211 2102 volat
233 2060 396 2122 campoque
418 2052 514 2104 atrum
537 2043 615 2123 rapit
635 2060 740 2122 agmen
763 2050 874 2121 aperto.

63 2125 159 2207 qualis
181 2126 232 2188 ubi
254 2127 290 2187 ad
311 2136 405 2188 terras
427 2127 552 2208 abrupto
575 2127 670 2188 sidere
694 2127 813 2188 nimbus

62 2212 86 2273 it
108 2228 190 2273 mare
211 2231 266 2293 per
286 2212 416 2274 medium
439 2213 580 2292 (miseris,
603 2213 676 2286 heu,
699 2212 831 2291 praescia
853 2210 940 2289 longe

62 2297 245 2359 horrescunt
267 2298 355 2359 corda
378 2299 528 2376 agricolis:
558 2297 638 2359 dabit
660 2297 708 2358 ille
731 2297 832 2358 ruinas

64 2381 221 2444 arboribus
242 2391 431 2462 stragemque
453 2383 539 2458 satis,
562 2392 629 2445 ruet
651 2382 749 2444 omnia
771 2383 854 2458 late),

65 2476 135 2528 aute
157 2467 256 2528 volant
277 2469 467 2548 sonitumque
489 2470 589 2530 ierunt
611 2469 646 2529 ad
669 2468 754 2528 htora
775 2467 871 2542 venti,

64 2552 131 2614 talis
151 2552 182 2613 in
206 2553 342 2615 adversos
364 2554 469 2634 ductor
491 2554 653 2616 Rhoeteius
673 2553 767 2615 hostis

64 2655 172 2719 agmen
195 2639 269 2718 agit,
293 2639 377 2700 densi
399 2641 503 2701 cuncis
524 2659 555 2701 se
579 2639 703 2718 quisque
726 2639 835 2699 coactis

65 2722 278 2803 adglomerant.
323 2725 391 2786 ierit
413 2745 483 2787 ense
504 2743 621 2803 gravem
644 2722 847 2802 Thymbraeus
870 2721 992 2795 Osirim,

65 2807 237 2869 Archetium
261 2809 447 2883 Mnestheus,
471 2809 637 2889 Epulonem
661 2807 819 2869 obtruncat
841 2807 964 2868 Achates

64 2892 265 2972 Ufentemque
287 2893 378 2975 Gyas3
407 2896 483 2956 cadit
503 2895 567 2973 ipse
589 2893 764 2953 Tolumnius
786 2910 893 2971 augur,

64 2978 181 3058 primus
203 2979 233 3039 in
256 2980 393 3042 adversos
414 2979 506 3041 telum
529 2978 580 3058 qui
601 2986 729 3039 torserat
749 2976 850 3038 hostis.

65 3062 180 3124 tollitur
200 3064 231 3124 in
256 3065 368 3126 caelum
391 3065 502 3126 clamor
522 3064 657 3142 versique
678 3061 803 3123 vicissim

64 3147 271 3229 pulverulenta
292 3150 361 3231 luga
383 3150 483 3212 Rutuli
506 3149 577 3210 dant
597 3157 679 3227 terga
701 3166 756 3228 per
777 3165 873 3225 agros.

66 3233 133 3313 ipsc
155 3251 252 3313 neque
274 3253 391 3297 aversos
414 3233 553 3316 dignatur
574 3244 709 3297 sternere
732 3232 818 3293 Morti

69 3335 128 3380 uec
150 3318 225 3400 pede
248 3337 425 3400 congressos
446 3340 540 3400 aequo
564 3339 620 3382 nec
642 3319 698 3381 tela
721 3317 845 3379 ferentis
1098 3320 1141 3371 465

67 3403 251 3482 insequitur;
280 3406 375 3468 solum
399 3408 490 3468 densa
511 3407 543 3467 in
566 3405 691 3482 caligine
713 3403 847 3464 Turnum

156 3589 205 3642 432
224 3587 331 3656 babilis]
354 3594 434 3655 aptus
450 3588 550 3642 Peerlh.
636 3589 686 3639 444
709 3584 805 3636 ruitP
891 3585 938 3635 451
962 3582 1092 3644 abruptus
1108 3578 1141 3628 ab

67 3656 176 3707 aethere
193 3654 293 3710 Peerlh.
368 3660 419 3711 454
435 3654 565 3709 46611116ι
582 3654 696 3708 Diomed.
715 3656 774 3718 441,
792 3655 833 3704 lh
905 3653 955 3704 455
975 3648 1066 3698 oolam
1083 3643 1143 3696 blP'

87 3719 130 3774 ¹b¹
198 3727 247 3777 457
266 3728 353 3776 coacti
369 3724 421 3786 bl¹;
439 3725 511 3792 prob.
531 3724 621 3791 Wagu.
699 3724 749 3775 458
759 3736 780 3773 s.
801 3721 901 3771 Ocinim
922 3718 1143 3779 Tarebctiumquc

66 3740 155 3860 bergh
174 3791 214 3846 JJ.
235 3795 313 3857 1861,
332 3795 381 3847 638
406 3799 433 3847 et
453 3793 505 3846 lnd.
525 3798 588 3845 aest.
607 3791 678 3842 llalle
699 3786 892 3853 1864‚v11=
912 3785 1004 3852 Opusc.
1022 3783 1031 3834 l
1050 3784 1096 3834 311
1118 3787 1144 3833 et

68 3861 133 3922 5273
150 3859 216 3914 uon.
302 3864 349 3915 461
371 3861 479 3929 improb.
497 3860 582 3913 Guthl.
668 3861 719 3912 464
736 3858 861 3908 aduersos
878 3855 936 3906 libri
954 3868 992 3921 pr.
1010 3850 1032 3902 R
1050 3856 1077 3903 et
1094 3847 1145 3901 Ob·

68 3928 176 3997 longom
194 3929 269 3982 Pierii
304 3929 396 3981 -osll
