<?xml version="1.0" encoding="UTF-8"?>
<!DOCTYPE html PUBLIC "-//W3C//DTD XHTML 1.0 Transitional//EN"
    "http://www.w3.org/TR/xhtml1/DTD/xhtml1-transitional.dtd">
<html xmlns="http://www.w3.org/1999/xhtml" xml:lang="en" lang="en">
 <head>
  <title>
</title>
<meta http-equiv="Content-Type" content="text/html;charset=utf-8" />
  <meta name='ocr-system' content='tesseract 3.04.00' />
  <meta name='ocr-capabilities' content='ocr_page ocr_carea ocr_par ocr_line ocrx_word'/>
</head>
<body>
  <div class='ocr_page' id='page_1' title='image "./pvergilimaronis08virggoog/pvergilimaronis08virggoog_0057.png"; bbox 0 0 2286 4394; ppageno 0'>
   <div class='ocr_carea' id='block_1_1' title="bbox 80 182 778 244">
    <p class='ocr_par' dir='ltr' id='par_1_1' title="bbox 80 182 778 244">
     <span class='ocr_line' id='line_1_1' title="bbox 80 182 778 244; baseline -0.01 0"><span class='ocrx_word' id='word_1_1' title='bbox 80 184 121 244; x_wconf 80' lang='grc'>88</span> <span class='ocrx_word' id='word_1_2' title='bbox 449 183 477 236; x_wconf 87' lang='grc' dir='ltr'>Ρ.</span> <span class='ocrx_word' id='word_1_3' title='bbox 490 182 616 238; x_wconf 82' lang='lat' dir='ltr'>VllllGlLl</span> <span class='ocrx_word' id='word_1_4' title='bbox 633 182 778 237; x_wconf 73' lang='lat' dir='ltr'>Medullis</span> 
     </span>
    </p>
   </div>
   <div class='ocr_carea' id='block_1_2' title="bbox 74 355 982 3330">
    <p class='ocr_par' dir='ltr' id='par_1_2' title="bbox 74 355 982 3330">
     <span class='ocr_line' id='line_1_2' title="bbox 78 355 947 438; baseline 0.002 -21"><span class='ocrx_word' id='word_1_5' title='bbox 78 366 300 438; x_wconf 79' lang='lat' dir='ltr'><strong>praemetuens,</strong></span> <span class='ocrx_word' id='word_1_6' title='bbox 324 355 429 416; x_wconf 81' lang='lat' dir='ltr'>Troiae</span> <span class='ocrx_word' id='word_1_7' title='bbox 450 365 480 416; x_wconf 94' lang='lat' dir='ltr'>et</span> <span class='ocrx_word' id='word_1_8' title='bbox 501 356 612 435; x_wconf 81' lang='lat' dir='ltr'>patriae</span> <span class='ocrx_word' id='word_1_9' title='bbox 634 356 801 418; x_wconf 84' lang='lat' dir='ltr'>communie</span> <span class='ocrx_word' id='word_1_10' title='bbox 822 356 947 438; x_wconf 81' lang='lat' dir='ltr'><strong>Erinys,</strong></span> 
     </span>
     <span class='ocr_line' id='line_1_3' title="bbox 79 440 768 519; baseline -0.003 -16"><span class='ocrx_word' id='word_1_11' title='bbox 79 441 229 504; x_wconf 88' lang='lat' dir='ltr'>abdiderat</span> <span class='ocrx_word' id='word_1_12' title='bbox 250 459 314 503; x_wconf 89' lang='lat' dir='ltr'>seso</span> <span class='ocrx_word' id='word_1_13' title='bbox 336 450 424 519; x_wconf 91' lang='lat' dir='ltr'>atque</span> <span class='ocrx_word' id='word_1_14' title='bbox 445 441 504 502; x_wconf 92' lang='lat' dir='ltr'>aris</span> <span class='ocrx_word' id='word_1_15' title='bbox 525 441 618 503; x_wconf 83' lang='lat' dir='ltr'>invisa</span> <span class='ocrx_word' id='word_1_16' title='bbox 640 440 768 503; x_wconf 87' lang='lat' dir='ltr'>sedehat.</span> 
     </span>
     <span class='ocr_line' id='line_1_4' title="bbox 78 525 795 606; baseline -0.003 -18"><span class='ocrx_word' id='word_1_17' title='bbox 78 544 214 589; x_wconf 74' lang='lat' dir='ltr'>exarsere</span> <span class='ocrx_word' id='word_1_18' title='bbox 236 527 320 606; x_wconf 84' lang='lat' dir='ltr'>ignes</span> <span class='ocrx_word' id='word_1_19' title='bbox 341 527 455 599; x_wconf 91' lang='lat' dir='ltr'>animo;</span> <span class='ocrx_word' id='word_1_20' title='bbox 477 525 556 588; x_wconf 88' lang='lat' dir='ltr'><strong>subit</strong></span> <span class='ocrx_word' id='word_1_21' title='bbox 578 527 620 587; x_wconf 95' lang='lat' dir='ltr'>ira</span> <span class='ocrx_word' id='word_1_22' title='bbox 642 526 795 587; x_wconf 81' lang='lat' dir='ltr'>cadentem</span> 
     </span>
     <span class='ocr_line' id='line_1_5' title="bbox 79 611 835 708; baseline 0 -35"><span class='ocrx_word' id='word_1_23' title='bbox 79 611 180 673; x_wconf 89' lang='lat' dir='ltr'>ulcisci</span> <span class='ocrx_word' id='word_1_24' title='bbox 203 611 326 692; x_wconf 92' lang='lat' dir='ltr'>patriam</span> <span class='ocrx_word' id='word_1_25' title='bbox 349 619 379 672; x_wconf 90' lang='lat' dir='ltr'>et</span> <span class='ocrx_word' id='word_1_26' title='bbox 398 611 555 673; x_wconf 89' lang='lat' dir='ltr'>sceleratas</span> <span class='ocrx_word' id='word_1_27' title='bbox 576 628 692 673; x_wconf 89' lang='lat' dir='ltr'>sumere</span> <span class='ocrx_word' id='word_1_28' title='bbox 714 629 835 708; x_wconf 90' lang='lat' dir='ltr'>poenas</span> 
     </span>
     <span class='ocr_line' id='line_1_6' title="bbox 75 691 982 778; baseline 0.001 -20"><span class='ocrx_word' id='word_1_29' title='bbox 75 691 201 758; x_wconf 89' lang='lat' dir='ltr'>‘scilicet</span> <span class='ocrx_word' id='word_1_30' title='bbox 222 697 294 758; x_wconf 91' lang='lat' dir='ltr'>haec</span> <span class='ocrx_word' id='word_1_31' title='bbox 316 697 451 776; x_wconf 79' lang='lat' dir='ltr'>Spartam</span> <span class='ocrx_word' id='word_1_32' title='bbox 474 696 630 758; x_wconf 91' lang='lat' dir='ltr'>incolumis</span> <span class='ocrx_word' id='word_1_33' title='bbox 651 697 820 776; x_wconf 90' lang='lat' dir='ltr'>patriasque</span> <span class='ocrx_word' id='word_1_34' title='bbox 843 697 982 778; x_wconf 76' lang='lat' dir='ltr'>Mycenas</span> 
     </span>
     <span class='ocr_line' id='line_1_7' title="bbox 78 781 736 880; baseline 0 -38"><span class='ocrx_word' id='word_1_35' title='bbox 78 781 201 880; x_wconf 76' lang='lat' dir='ltr'>aspiciet</span> <span class='ocrx_word' id='word_1_36' title='bbox 221 790 365 862; x_wconf 90' lang='lat' dir='ltr'>partoque</span> <span class='ocrx_word' id='word_1_37' title='bbox 388 781 441 843; x_wconf 84' lang='lat' dir='ltr'>ibit</span> <span class='ocrx_word' id='word_1_38' title='bbox 462 781 563 862; x_wconf 80' lang='lat' dir='ltr'>regina</span> <span class='ocrx_word' id='word_1_39' title='bbox 585 781 736 860; x_wconf 90' lang='lat' dir='ltr'>triumpho</span> 
     </span>
     <span class='ocr_line' id='line_1_8' title="bbox 79 861 930 963; baseline 0.001 -36"><span class='ocrx_word' id='word_1_40' title='bbox 79 866 310 947; x_wconf 78' lang='lat' dir='ltr'>coniugiumque</span> <span class='ocrx_word' id='word_1_41' title='bbox 331 867 510 946; x_wconf 90' lang='lat' dir='ltr'>domumque</span> <span class='ocrx_word' id='word_1_42' title='bbox 532 874 631 962; x_wconf 80' lang='lat' dir='ltr'>patres</span> <span class='ocrx_word' id='word_1_43' title='bbox 654 874 798 963; x_wconf 87' lang='lat' dir='ltr'>natosque</span> <span class='ocrx_word' id='word_1_44' title='bbox 821 861 930 928; x_wconf 88' lang='lat' dir='ltr'>videbit</span> 
     </span>
     <span class='ocr_line' id='line_1_9' title="bbox 78 951 851 1032; baseline -0.001 -18"><span class='ocrx_word' id='word_1_45' title='bbox 78 951 202 1014; x_wconf 88' lang='lat' dir='ltr'>Iliadum</span> <span class='ocrx_word' id='word_1_46' title='bbox 223 953 310 1014; x_wconf 91' lang='lat' dir='ltr'>turha</span> <span class='ocrx_word' id='word_1_47' title='bbox 332 963 362 1013; x_wconf 89' lang='lat' dir='ltr'>et</span> <span class='ocrx_word' id='word_1_48' title='bbox 383 952 515 1032; x_wconf 77' lang='lat' dir='ltr'>Phrygiis</span> <span class='ocrx_word' id='word_1_49' title='bbox 536 951 672 1012; x_wconf 92' lang='lat' dir='ltr'>comitata</span> <span class='ocrx_word' id='word_1_50' title='bbox 694 951 851 1013; x_wconf 84' lang='lat' dir='ltr'>ministris:</span> 
     </span>
     <span class='ocr_line' id='line_1_10' title="bbox 79 1034 840 1115; baseline -0.001 -17"><span class='ocrx_word' id='word_1_51' title='bbox 79 1038 221 1100; x_wconf 89' lang='lat' dir='ltr'>occiderit</span> <span class='ocrx_word' id='word_1_52' title='bbox 242 1039 321 1099; x_wconf 88' lang='lat' dir='ltr'>lerro</span> <span class='ocrx_word' id='word_1_53' title='bbox 345 1036 499 1098; x_wconf 78' lang='lat' dir='ltr'>Priamus?</span> <span class='ocrx_word' id='word_1_54' title='bbox 520 1036 607 1097; x_wconf 91' lang='lat' dir='ltr'>Troia</span> <span class='ocrx_word' id='word_1_55' title='bbox 630 1034 734 1097; x_wconf 87' lang='lat' dir='ltr'>arserit</span> <span class='ocrx_word' id='word_1_56' title='bbox 755 1034 840 1115; x_wconf 82' lang='lat' dir='ltr'>ignil</span> 
     </span>
     <span class='ocr_line' id='line_1_11' title="bbox 78 1118 797 1199; baseline -0.003 -15"><span class='ocrx_word' id='word_1_57' title='bbox 78 1123 257 1185; x_wconf 87' lang='lat' dir='ltr'>Dardanium</span> <span class='ocrx_word' id='word_1_58' title='bbox 279 1123 388 1185; x_wconf 89' lang='lat' dir='ltr'>totiens</span> <span class='ocrx_word' id='word_1_59' title='bbox 409 1120 521 1184; x_wconf 90' lang='lat' dir='ltr'>sudarit</span> <span class='ocrx_word' id='word_1_60' title='bbox 541 1121 685 1199; x_wconf 84' lang='lat' dir='ltr'>sangnine</span> <span class='ocrx_word' id='word_1_61' title='bbox 707 1118 797 1182; x_wconf 79' lang='lat' dir='ltr'>litus?</span> 
     </span>
     <span class='ocr_line' id='line_1_12' title="bbox 79 1204 943 1286; baseline -0.001 -17"><span class='ocrx_word' id='word_1_62' title='bbox 79 1227 141 1270; x_wconf 93' lang='lat' dir='ltr'>non</span> <span class='ocrx_word' id='word_1_63' title='bbox 163 1209 212 1269; x_wconf 86' lang='lat' dir='ltr'>ita.</span> <span class='ocrx_word' id='word_1_64' title='bbox 256 1225 384 1286; x_wconf 90' lang='lat' dir='ltr'>namque</span> <span class='ocrx_word' id='word_1_65' title='bbox 406 1206 459 1268; x_wconf 88' lang='lat' dir='ltr'>etsi</span> <span class='ocrx_word' id='word_1_66' title='bbox 483 1206 596 1268; x_wconf 90' lang='lat' dir='ltr'>nullum</span> <span class='ocrx_word' id='word_1_67' title='bbox 618 1204 809 1267; x_wconf 85' lang='lat' dir='ltr'>memorabile</span> <span class='ocrx_word' id='word_1_68' title='bbox 831 1225 943 1268; x_wconf 90' lang='lat' dir='ltr'>nomen</span> 
     </span>
     <span class='ocr_line' id='line_1_13' title="bbox 78 1291 952 1371; baseline 0.001 -19"><span class='ocrx_word' id='word_1_69' title='bbox 78 1293 205 1354; x_wconf 88' lang='lat' dir='ltr'>feminea</span> <span class='ocrx_word' id='word_1_70' title='bbox 226 1293 257 1353; x_wconf 92' lang='lat' dir='ltr'>in</span> <span class='ocrx_word' id='word_1_71' title='bbox 280 1310 377 1371; x_wconf 92' lang='lat' dir='ltr'>poena</span> <span class='ocrx_word' id='word_1_72' title='bbox 399 1300 458 1364; x_wconf 90' lang='lat' dir='ltr'>est,</span> <span class='ocrx_word' id='word_1_73' title='bbox 479 1291 568 1352; x_wconf 88' lang='lat' dir='ltr'>hahet</span> <span class='ocrx_word' id='word_1_74' title='bbox 588 1293 662 1352; x_wconf 90' lang='lat' dir='ltr'>haec</span> <span class='ocrx_word' id='word_1_75' title='bbox 683 1291 803 1352; x_wconf 89' lang='lat' dir='ltr'>victoria</span> <span class='ocrx_word' id='word_1_76' title='bbox 826 1291 952 1354; x_wconf 91' lang='lat' dir='ltr'>landem.</span> 
     </span>
     <span class='ocr_line' id='line_1_14' title="bbox 121 1376 918 1456; baseline 0.001 -18"><span class='ocrx_word' id='word_1_77' title='bbox 121 1377 295 1439; x_wconf 82' lang='lat' dir='ltr'>exstinxisse</span> <span class='ocrx_word' id='word_1_78' title='bbox 317 1377 400 1438; x_wconf 90' lang='lat' dir='ltr'>nelas</span> <span class='ocrx_word' id='word_1_79' title='bbox 422 1385 520 1438; x_wconf 93' lang='lat' dir='ltr'>tamen</span> <span class='ocrx_word' id='word_1_80' title='bbox 544 1385 574 1437; x_wconf 91' lang='lat' dir='ltr'>et</span> <span class='ocrx_word' id='word_1_81' title='bbox 595 1376 754 1456; x_wconf 89' lang='lat' dir='ltr'>sumpsisse</span> <span class='ocrx_word' id='word_1_82' title='bbox 776 1377 918 1439; x_wconf 91' lang='lat' dir='ltr'>merentis</span> 
     </span>
     <span class='ocr_line' id='line_1_15' title="bbox 120 1460 892 1542; baseline 0 -19"><span class='ocrx_word' id='word_1_83' title='bbox 120 1462 261 1524; x_wconf 91' lang='lat' dir='ltr'>laudabor</span> <span class='ocrx_word' id='word_1_84' title='bbox 282 1479 394 1542; x_wconf 91' lang='lat' dir='ltr'>poenas</span> <span class='ocrx_word' id='word_1_85' title='bbox 414 1461 606 1540; x_wconf 87' lang='lat' dir='ltr'>animumque</span> <span class='ocrx_word' id='word_1_86' title='bbox 627 1460 760 1540; x_wconf 89' lang='lat' dir='ltr'>explesse</span> <span class='ocrx_word' id='word_1_87' title='bbox 782 1460 892 1523; x_wconf 86' lang='lat' dir='ltr'>iuvabit</span> 
     </span>
     <span class='ocr_line' id='line_1_16' title="bbox 119 1542 896 1610; baseline -0.001 -3"><span class='ocrx_word' id='word_1_88' title='bbox 119 1548 233 1610; x_wconf 89' lang='lat' dir='ltr'>ultricis</span> <span class='ocrx_word' id='word_1_89' title='bbox 255 1549 386 1608; x_wconf 86' lang='lat' dir='ltr'>dammae</span> <span class='ocrx_word' id='word_1_90' title='bbox 409 1555 439 1608; x_wconf 91' lang='lat' dir='ltr'>et</span> <span class='ocrx_word' id='word_1_91' title='bbox 460 1546 576 1609; x_wconf 92' lang='lat' dir='ltr'>cineres</span> <span class='ocrx_word' id='word_1_92' title='bbox 597 1546 716 1608; x_wconf 87' lang='lat' dir='ltr'>satiasse</span> <span class='ocrx_word' id='word_1_93' title='bbox 738 1542 896 1607; x_wconf 86' lang='lat' dir='ltr'>meorum.³</span> 
     </span>
     <span class='ocr_line' id='line_1_17' title="bbox 77 1630 759 1706; baseline -0.006 -11"><span class='ocrx_word' id='word_1_94' title='bbox 77 1632 145 1695; x_wconf 91' lang='lat' dir='ltr'>talia</span> <span class='ocrx_word' id='word_1_95' title='bbox 167 1633 308 1695; x_wconf 89' lang='lat' dir='ltr'>iactaham</span> <span class='ocrx_word' id='word_1_96' title='bbox 331 1643 361 1693; x_wconf 89' lang='lat' dir='ltr'>et</span> <span class='ocrx_word' id='word_1_97' title='bbox 381 1631 485 1693; x_wconf 86' lang='lat' dir='ltr'>furiata</span> <span class='ocrx_word' id='word_1_98' title='bbox 508 1639 607 1693; x_wconf 89' lang='lat' dir='ltr'>mente</span> <span class='ocrx_word' id='word_1_99' title='bbox 629 1630 759 1706; x_wconf 86' lang='lat' dir='ltr'>lerehar,</span> 
     </span>
     <span class='ocr_line' id='line_1_18' title="bbox 77 1715 972 1791; baseline -0.001 -12"><span class='ocrx_word' id='word_1_100' title='bbox 77 1736 145 1779; x_wconf 93' lang='lat' dir='ltr'>cum</span> <span class='ocrx_word' id='word_1_101' title='bbox 167 1718 237 1780; x_wconf 92' lang='lat' dir='ltr'>mihi</span> <span class='ocrx_word' id='word_1_102' title='bbox 260 1737 309 1791; x_wconf 85' lang='lat' dir='ltr'>se,</span> <span class='ocrx_word' id='word_1_103' title='bbox 331 1736 392 1778; x_wconf 92' lang='lat' dir='ltr'>non</span> <span class='ocrx_word' id='word_1_104' title='bbox 415 1725 485 1779; x_wconf 88' lang='lat' dir='ltr'>ante</span> <span class='ocrx_word' id='word_1_105' title='bbox 507 1717 600 1779; x_wconf 89' lang='lat' dir='ltr'>oculis</span> <span class='ocrx_word' id='word_1_106' title='bbox 622 1726 680 1777; x_wconf 89' lang='lat' dir='ltr'>tam</span> <span class='ocrx_word' id='word_1_107' title='bbox 703 1715 795 1789; x_wconf 86' lang='lat' dir='ltr'>clara,</span> <span class='ocrx_word' id='word_1_108' title='bbox 818 1716 972 1778; x_wconf 91' lang='lat' dir='ltr'>videndam</span> 
     </span>
     <span class='ocr_line' id='line_1_19' title="bbox 78 1800 824 1884; baseline -0.005 -19"><span class='ocrx_word' id='word_1_109' title='bbox 78 1803 184 1865; x_wconf 92' lang='lat' dir='ltr'>ohtulit</span> <span class='ocrx_word' id='word_1_110' title='bbox 206 1812 235 1864; x_wconf 93' lang='lat' dir='ltr'>et</span> <span class='ocrx_word' id='word_1_111' title='bbox 256 1821 331 1884; x_wconf 91' lang='lat' dir='ltr'>pura</span> <span class='ocrx_word' id='word_1_112' title='bbox 352 1821 406 1882; x_wconf 88' lang='lat' dir='ltr'>per</span> <span class='ocrx_word' id='word_1_113' title='bbox 428 1810 546 1864; x_wconf 91' lang='lat' dir='ltr'>noctem</span> <span class='ocrx_word' id='word_1_114' title='bbox 568 1803 597 1864; x_wconf 94' lang='lat' dir='ltr'>in</span> <span class='ocrx_word' id='word_1_115' title='bbox 620 1801 687 1863; x_wconf 88' lang='lat' dir='ltr'>luce</span> <span class='ocrx_word' id='word_1_116' title='bbox 708 1800 824 1862; x_wconf 82' lang='lat' dir='ltr'>refulsit</span> 
     </span>
     <span class='ocr_line' id='line_1_20' title="bbox 78 1885 847 1970; baseline -0.005 -20"><span class='ocrx_word' id='word_1_117' title='bbox 78 1890 152 1950; x_wconf 93' lang='lat' dir='ltr'>alma</span> <span class='ocrx_word' id='word_1_118' title='bbox 176 1907 283 1970; x_wconf 93' lang='lat' dir='ltr'>parens</span> <span class='ocrx_word' id='word_1_119' title='bbox 304 1889 439 1950; x_wconf 80' lang='lat' dir='ltr'>confessa</span> <span class='ocrx_word' id='word_1_120' title='bbox 461 1888 561 1960; x_wconf 88' lang='lat' dir='ltr'>deam,</span> <span class='ocrx_word' id='word_1_121' title='bbox 584 1886 736 1966; x_wconf 90' lang='lat' dir='ltr'>qualisque</span> <span class='ocrx_word' id='word_1_122' title='bbox 757 1885 847 1946; x_wconf 87' lang='lat' dir='ltr'>rideri</span> 
     </span>
     <span class='ocr_line' id='line_1_21' title="bbox 79 1971 909 2054; baseline -0.007 -18"><span class='ocrx_word' id='word_1_123' title='bbox 79 1975 225 2037; x_wconf 88' lang='lat' dir='ltr'>caelicolis</span> <span class='ocrx_word' id='word_1_124' title='bbox 247 1984 276 2037; x_wconf 91' lang='lat' dir='ltr'>et</span> <span class='ocrx_word' id='word_1_125' title='bbox 298 1984 408 2054; x_wconf 90' lang='lat' dir='ltr'>quanta</span> <span class='ocrx_word' id='word_1_126' title='bbox 430 1973 521 2044; x_wconf 90' lang='lat' dir='ltr'>solet,</span> <span class='ocrx_word' id='word_1_127' title='bbox 544 1973 703 2050; x_wconf 86' lang='lat' dir='ltr'>dextraque</span> <span class='ocrx_word' id='word_1_128' title='bbox 725 1971 909 2048; x_wconf 91' lang='lat' dir='ltr'>prehensum</span> 
     </span>
     <span class='ocr_line' id='line_1_22' title="bbox 79 2055 852 2140; baseline -0.007 -18"><span class='ocrx_word' id='word_1_129' title='bbox 79 2062 228 2123; x_wconf 85' lang='lat' dir='ltr'>continuit</span> <span class='ocrx_word' id='word_1_130' title='bbox 249 2079 394 2140; x_wconf 86' lang='lat' dir='ltr'>roseoque</span> <span class='ocrx_word' id='word_1_131' title='bbox 417 2060 518 2121; x_wconf 88' lang='lat' dir='ltr'>haec</span> <span class='ocrx_word' id='word_1_132' title='bbox 510 2077 633 2138; x_wconf 80' lang='lat' dir='ltr'>insuper</span> <span class='ocrx_word' id='word_1_133' title='bbox 653 2055 762 2117; x_wconf 92' lang='lat' dir='ltr'>addidit</span> <span class='ocrx_word' id='word_1_134' title='bbox 785 2074 852 2117; x_wconf 91' lang='lat' dir='ltr'>ore·</span> 
     </span>
     <span class='ocr_line' id='line_1_23' title="bbox 74 2137 897 2226; baseline -0.007 -18.896"><span class='ocrx_word' id='word_1_135' title='bbox 74 2139 173 2219; x_wconf 91' lang='lat' dir='ltr'>‘,nate</span> <span class='ocrx_word' id='word_1_136' title='bbox 197 2146 263 2226; x_wconf 91' lang='lat' dir='ltr'>quis</span> <span class='ocrx_word' id='word_1_137' title='bbox 284 2146 442 2207; x_wconf 91' lang='lat' dir='ltr'>indomitas</span> <span class='ocrx_word' id='word_1_138' title='bbox 462 2153 562 2206; x_wconf 90' lang='lat' dir='ltr'>tantus</span> <span class='ocrx_word' id='word_1_139' title='bbox 583 2143 667 2204; x_wconf 89' lang='lat' dir='ltr'>dolor</span> <span class='ocrx_word' id='word_1_140' title='bbox 689 2140 796 2202; x_wconf 90' lang='lat' dir='ltr'>excitat</span> <span class='ocrx_word' id='word_1_141' title='bbox 817 2137 897 2203; x_wconf 78' lang='lat' dir='ltr'>iras?</span> 
     </span>
     <span class='ocr_line' id='line_1_24' title="bbox 78 2222 914 2327; baseline -0.006 -36"><span class='ocrx_word' id='word_1_142' title='bbox 78 2230 148 2311; x_wconf 89' lang='lat' dir='ltr'>qnid</span> <span class='ocrx_word' id='word_1_143' title='bbox 170 2232 243 2315; x_wconf 89' lang='lat' dir='ltr'>luris</span> <span class='ocrx_word' id='word_1_144' title='bbox 265 2239 315 2293; x_wconf 92' lang='lat' dir='ltr'>aut</span> <span class='ocrx_word' id='word_1_145' title='bbox 320 2247 465 2327; x_wconf 88' lang='lat' dir='ltr'>quonam</span> <span class='ocrx_word' id='word_1_146' title='bbox 489 2228 583 2291; x_wconf 91' lang='lat' dir='ltr'>nostri</span> <span class='ocrx_word' id='word_1_147' title='bbox 604 2227 658 2289; x_wconf 88' lang='lat' dir='ltr'>tibi</span> <span class='ocrx_word' id='word_1_148' title='bbox 680 2244 751 2287; x_wconf 89' lang='lat' dir='ltr'>cura</span> <span class='ocrx_word' id='word_1_149' title='bbox 773 2222 914 2287; x_wconf 78' lang='lat' dir='ltr'>recessit?</span> 
     </span>
     <span class='ocr_line' id='line_1_25' title="bbox 77 2306 903 2394; baseline -0.008 -17"><span class='ocrx_word' id='word_1_150' title='bbox 77 2335 138 2378; x_wconf 93' lang='lat' dir='ltr'>non</span> <span class='ocrx_word' id='word_1_151' title='bbox 162 2306 244 2394; x_wconf 89' lang='lat' dir='ltr'>prins</span> <span class='ocrx_word' id='word_1_152' title='bbox 265 2315 406 2394; x_wconf 84' lang='lat' dir='ltr'>aspicies,</span> <span class='ocrx_word' id='word_1_153' title='bbox 428 2312 480 2374; x_wconf 94' lang='lat' dir='ltr'>uhi</span> <span class='ocrx_word' id='word_1_154' title='bbox 502 2314 610 2374; x_wconf 82' lang='lat' dir='ltr'>lassum</span> <span class='ocrx_word' id='word_1_155' title='bbox 633 2321 726 2373; x_wconf 91' lang='lat' dir='ltr'>aetate</span> <span class='ocrx_word' id='word_1_156' title='bbox 748 2319 903 2390; x_wconf 89' lang='lat' dir='ltr'>parentem</span> 
     </span>
     <span class='ocr_line' id='line_1_26' title="bbox 77 2395 870 2479; baseline -0.005 -18"><span class='ocrx_word' id='word_1_157' title='bbox 77 2400 199 2479; x_wconf 90' lang='lat' dir='ltr'>liqueris</span> <span class='ocrx_word' id='word_1_158' title='bbox 219 2395 391 2460; x_wconf 76' lang='lat' dir='ltr'>Anchisen?</span> <span class='ocrx_word' id='word_1_159' title='bbox 413 2406 533 2477; x_wconf 91' lang='lat' dir='ltr'>superet</span> <span class='ocrx_word' id='word_1_160' title='bbox 554 2397 725 2458; x_wconf 81' lang='lat' dir='ltr'>coniunxne</span> <span class='ocrx_word' id='word_1_161' title='bbox 746 2395 870 2469; x_wconf 88' lang='lat' dir='ltr'>Creusa,</span> 
     </span>
     <span class='ocr_line' id='line_1_27' title="bbox 77 2480 892 2563; baseline -0.004 -19"><span class='ocrx_word' id='word_1_162' title='bbox 77 2484 279 2563; x_wconf 81' lang='lat' dir='ltr'>Ascaniusque</span> <span class='ocrx_word' id='word_1_163' title='bbox 299 2480 396 2563; x_wconf 81' lang='lat' dir='ltr'>puer&#39;l</span> <span class='ocrx_word' id='word_1_164' title='bbox 419 2500 493 2560; x_wconf 92' lang='lat' dir='ltr'>quos</span> <span class='ocrx_word' id='word_1_165' title='bbox 516 2482 613 2543; x_wconf 90' lang='lat' dir='ltr'>omnis</span> <span class='ocrx_word' id='word_1_166' title='bbox 636 2482 767 2560; x_wconf 91' lang='lat' dir='ltr'>undique</span> <span class='ocrx_word' id='word_1_167' title='bbox 789 2480 892 2542; x_wconf 86' lang='lat' dir='ltr'>Graiae</span> 
     </span>
     <span class='ocr_line' id='line_1_28' title="bbox 77 2565 864 2640; baseline -0.005 -10"><span class='ocrx_word' id='word_1_168' title='bbox 77 2569 190 2630; x_wconf 92' lang='lat' dir='ltr'>circum</span> <span class='ocrx_word' id='word_1_169' title='bbox 212 2577 312 2630; x_wconf 92' lang='lat' dir='ltr'>errant</span> <span class='ocrx_word' id='word_1_170' title='bbox 333 2567 411 2629; x_wconf 90' lang='lat' dir='ltr'>acies</span> <span class='ocrx_word' id='word_1_171' title='bbox 433 2575 477 2640; x_wconf 92' lang='lat' dir='ltr'>et,</span> <span class='ocrx_word' id='word_1_172' title='bbox 501 2567 531 2628; x_wconf 93' lang='lat' dir='ltr'>ni</span> <span class='ocrx_word' id='word_1_173' title='bbox 553 2585 617 2627; x_wconf 93' lang='lat' dir='ltr'>mea</span> <span class='ocrx_word' id='word_1_174' title='bbox 640 2584 712 2628; x_wconf 89' lang='lat' dir='ltr'>cura</span> <span class='ocrx_word' id='word_1_175' title='bbox 733 2565 864 2639; x_wconf 86' lang='lat' dir='ltr'>resistat,</span> 
     </span>
     <span class='ocr_line' id='line_1_29' title="bbox 76 2651 902 2716; baseline -0.005 -1"><span class='ocrx_word' id='word_1_176' title='bbox 76 2655 133 2716; x_wconf 93' lang='lat' dir='ltr'>iam</span> <span class='ocrx_word' id='word_1_177' title='bbox 157 2656 288 2715; x_wconf 88' lang='lat' dir='ltr'>dammae</span> <span class='ocrx_word' id='word_1_178' title='bbox 309 2653 432 2714; x_wconf 90' lang='lat' dir='ltr'>tulerint</span> <span class='ocrx_word' id='word_1_179' title='bbox 452 2652 589 2714; x_wconf 89' lang='lat' dir='ltr'>inimicus</span> <span class='ocrx_word' id='word_1_180' title='bbox 612 2661 641 2713; x_wconf 91' lang='lat' dir='ltr'>et</span> <span class='ocrx_word' id='word_1_181' title='bbox 663 2651 793 2713; x_wconf 88' lang='lat' dir='ltr'>hauserit</span> <span class='ocrx_word' id='word_1_182' title='bbox 814 2651 902 2712; x_wconf 90' lang='lat' dir='ltr'>ensis.</span> 
     </span>
     <span class='ocr_line' id='line_1_30' title="bbox 76 2737 812 2820; baseline -0.005 -19"><span class='ocrx_word' id='word_1_183' title='bbox 76 2759 138 2802; x_wconf 93' lang='lat' dir='ltr'>non</span> <span class='ocrx_word' id='word_1_184' title='bbox 163 2739 216 2800; x_wconf 91' lang='lat' dir='ltr'>tibi</span> <span class='ocrx_word' id='word_1_185' title='bbox 238 2738 413 2820; x_wconf 76' lang='lat' dir='ltr'>Tyndaridis</span> <span class='ocrx_word' id='word_1_186' title='bbox 435 2738 525 2800; x_wconf 86' lang='lat' dir='ltr'>iacies</span> <span class='ocrx_word' id='word_1_187' title='bbox 546 2737 638 2799; x_wconf 86' lang='lat' dir='ltr'>invisa</span> <span class='ocrx_word' id='word_1_188' title='bbox 660 2738 812 2799; x_wconf 89' lang='lat' dir='ltr'>Lacaenae</span> 
     </span>
     <span class='ocr_line' id='line_1_31' title="bbox 76 2821 845 2906; baseline -0.007 -20"><span class='ocrx_word' id='word_1_189' title='bbox 76 2825 246 2906; x_wconf 86' lang='lat' dir='ltr'>culpatusve</span> <span class='ocrx_word' id='word_1_190' title='bbox 268 2824 365 2899; x_wconf 86' lang='lat' dir='ltr'>Paris,</span> <span class='ocrx_word' id='word_1_191' title='bbox 387 2823 483 2885; x_wconf 82' lang='lat' dir='ltr'>divom</span> <span class='ocrx_word' id='word_1_192' title='bbox 506 2823 711 2897; x_wconf 91' lang='lat' dir='ltr'>inclementia,</span> <span class='ocrx_word' id='word_1_193' title='bbox 734 2821 845 2893; x_wconf 86' lang='lat' dir='ltr'>divom,</span> 
     </span>
     <span class='ocr_line' id='line_1_32' title="bbox 75 2906 870 2988; baseline -0.003 -16"><span class='ocrx_word' id='word_1_194' title='bbox 75 2911 127 2972; x_wconf 92' lang='lat' dir='ltr'>has</span> <span class='ocrx_word' id='word_1_195' title='bbox 150 2910 252 2972; x_wconf 87' lang='lat' dir='ltr'>evertit</span> <span class='ocrx_word' id='word_1_196' title='bbox 274 2927 346 2988; x_wconf 88' lang='lat' dir='ltr'>opes</span> <span class='ocrx_word' id='word_1_197' title='bbox 367 2909 532 2988; x_wconf 86' lang='lat' dir='ltr'>sternitque</span> <span class='ocrx_word' id='word_1_198' title='bbox 553 2928 570 2970; x_wconf 94' lang='lat' dir='ltr'>a</span> <span class='ocrx_word' id='word_1_199' title='bbox 592 2909 721 2971; x_wconf 91' lang='lat' dir='ltr'>culmine</span> <span class='ocrx_word' id='word_1_200' title='bbox 742 2906 870 2970; x_wconf 86' lang='lat' dir='ltr'>Troiam.</span> 
     </span>
     <span class='ocr_line' id='line_1_33' title="bbox 74 2990 960 3076; baseline -0.009 -18"><span class='ocrx_word' id='word_1_201' title='bbox 74 2996 172 3076; x_wconf 93' lang='lat' dir='ltr'>aspice</span> <span class='ocrx_word' id='word_1_202' title='bbox 194 2995 335 3074; x_wconf 85' lang='lat' dir='ltr'>(namque</span> <span class='ocrx_word' id='word_1_203' title='bbox 358 3013 493 3069; x_wconf 92' lang='lat' dir='ltr'>omnem,</span> <span class='ocrx_word' id='word_1_204' title='bbox 515 3014 590 3075; x_wconf 89' lang='lat' dir='ltr'>quae</span> <span class='ocrx_word' id='word_1_205' title='bbox 612 3013 693 3055; x_wconf 92' lang='lat' dir='ltr'>nunc</span> <span class='ocrx_word' id='word_1_206' title='bbox 717 2991 844 3053; x_wconf 90' lang='lat' dir='ltr'>ohducta</span> <span class='ocrx_word' id='word_1_207' title='bbox 864 2990 960 3051; x_wconf 90' lang='lat' dir='ltr'>tuenti</span> 
     </span>
     <span class='ocr_line' id='line_1_34' title="bbox 75 3078 823 3143; baseline -0.007 -1"><span class='ocrx_word' id='word_1_208' title='bbox 75 3081 207 3143; x_wconf 91' lang='lat' dir='ltr'>mortalis</span> <span class='ocrx_word' id='word_1_209' title='bbox 229 3078 348 3141; x_wconf 89' lang='lat' dir='ltr'>hebetat</span> <span class='ocrx_word' id='word_1_210' title='bbox 368 3079 447 3142; x_wconf 77' lang='lat' dir='ltr'>visan</span> <span class='ocrx_word' id='word_1_211' title='bbox 467 3080 520 3141; x_wconf 92' lang='lat' dir='ltr'>tihi</span> <span class='ocrx_word' id='word_1_212' title='bbox 543 3089 572 3141; x_wconf 89' lang='lat' dir='ltr'>et</span> <span class='ocrx_word' id='word_1_213' title='bbox 594 3079 691 3140; x_wconf 91' lang='lat' dir='ltr'>umida</span> <span class='ocrx_word' id='word_1_214' title='bbox 713 3078 823 3140; x_wconf 89' lang='lat' dir='ltr'>circum</span> 
     </span>
     <span class='ocr_line' id='line_1_35' title="bbox 75 3161 840 3246; baseline -0.008 -17"><span class='ocrx_word' id='word_1_215' title='bbox 75 3167 195 3246; x_wconf 79' lang='lat' dir='ltr'>caligat,</span> <span class='ocrx_word' id='word_1_216' title='bbox 218 3165 328 3228; x_wconf 89' lang='lat' dir='ltr'>nubem</span> <span class='ocrx_word' id='word_1_217' title='bbox 351 3165 472 3245; x_wconf 90' lang='lat' dir='ltr'>eripiam</span> <span class='ocrx_word' id='word_1_218' title='bbox 480 3183 488 3241; x_wconf 91' lang='grc'>;</span> <span class='ocrx_word' id='word_1_219' title='bbox 511 3173 543 3226; x_wconf 94' lang='lat' dir='ltr'>tu</span> <span class='ocrx_word' id='word_1_220' title='bbox 567 3184 605 3225; x_wconf 89' lang='lat' dir='ltr'>ne</span> <span class='ocrx_word' id='word_1_221' title='bbox 628 3183 686 3243; x_wconf 91' lang='lat' dir='ltr'>qua</span> <span class='ocrx_word' id='word_1_222' title='bbox 708 3161 840 3243; x_wconf 91' lang='lat' dir='ltr'>parentis</span> 
     </span>
     <span class='ocr_line' id='line_1_36' title="bbox 75 3250 792 3330; baseline -0.008 -16"><span class='ocrx_word' id='word_1_223' title='bbox 75 3253 153 3315; x_wconf 90' lang='lat' dir='ltr'>iussa</span> <span class='ocrx_word' id='word_1_224' title='bbox 174 3252 244 3313; x_wconf 89' lang='lat' dir='ltr'>time</span> <span class='ocrx_word' id='word_1_225' title='bbox 267 3269 325 3312; x_wconf 91' lang='lat' dir='ltr'>neu</span> <span class='ocrx_word' id='word_1_226' title='bbox 349 3250 514 3329; x_wconf 87' lang='lat' dir='ltr'>praeceptis</span> <span class='ocrx_word' id='word_1_227' title='bbox 536 3267 640 3330; x_wconf 91' lang='lat' dir='ltr'>parere</span> <span class='ocrx_word' id='word_1_228' title='bbox 663 3251 792 3327; x_wconf 90' lang='lat' dir='ltr'>recusa):</span> 
     </span>
    </p>
   </div>
   <div class='ocr_carea' id='block_1_3' title="bbox 68 3443 1079 3864">
    <p class='ocr_par' dir='ltr' id='par_1_3' title="bbox 68 3443 1079 3864">
     <span class='ocr_line' id='line_1_37' title="bbox 68 3443 1079 3516; baseline -0.01 -10"><span class='ocrx_word' id='word_1_229' title='bbox 68 3497 71 3506; x_wconf 85' lang='lat'><em>.</em></span> <span class='ocrx_word' id='word_1_230' title='bbox 161 3453 210 3505; x_wconf 86' lang='grc'>516</span> <span class='ocrx_word' id='word_1_231' title='bbox 229 3456 255 3503; x_wconf 83' lang='grc' dir='ltr'>ι1</span> <span class='ocrx_word' id='word_1_232' title='bbox 270 3450 412 3503; x_wconf 79' lang='lat' dir='ltr'>sceleratae</span> <span class='ocrx_word' id='word_1_233' title='bbox 429 3449 630 3515; x_wconf 87' lang='lat' dir='ltr'>postValesium</span> <span class='ocrx_word' id='word_1_234' title='bbox 643 3448 739 3516; x_wconf 73' lang='grc' dir='ltr'><strong>Ηειιιι.</strong></span> <span class='ocrx_word' id='word_1_235' title='bbox 769 3452 796 3499; x_wconf 87' lang='lat' dir='ltr'>at</span> <span class='ocrx_word' id='word_1_236' title='bbox 813 3443 982 3498; x_wconf 78' lang='lat' dir='ltr'>celerataeG.</span> <span class='ocrx_word' id='word_1_237' title='bbox 994 3444 1079 3496; x_wconf 80' lang='lat' dir='ltr'>hinlxer</span> 
     </span>
     <span class='ocr_line' id='line_1_38' title="bbox 75 3513 1079 3586; baseline -0.012 -12"><span class='ocrx_word' id='word_1_238' title='bbox 75 3521 161 3575; x_wconf 82' lang='lat' dir='ltr'>Gitlhl.</span> <span class='ocrx_word' id='word_1_239' title='bbox 181 3522 255 3586; x_wconf 80' lang='lat'>1886,</span> <span class='ocrx_word' id='word_1_240' title='bbox 275 3523 312 3572; x_wconf 98' lang='grc'>11.</span> <span class='ocrx_word' id='word_1_241' title='bbox 339 3517 643 3570; x_wconf 67' lang='lat' dir='ltr'>aestumandum.</span> <span class='ocrx_word' id='word_1_242' title='bbox 697 3518 868 3567; x_wconf 83' lang='lat' dir='ltr'>eteoclerulu</span> <span class='ocrx_word' id='word_1_243' title='bbox 887 3531 921 3565; x_wconf 78' lang='lat' dir='ltr'>em</span> <span class='ocrx_word' id='word_1_244' title='bbox 939 3513 1079 3564; x_wconf 75' lang='grc' dir='ltr'><strong>1111ιιι11ιι</strong></span> 
     </span>
     <span class='ocr_line' id='line_1_39' title="bbox 77 3582 1079 3657; baseline -0.013 -13"><span class='ocrx_word' id='word_1_245' title='bbox 77 3593 155 3657; x_wconf 84' lang='grc'>1881,</span> <span class='ocrx_word' id='word_1_246' title='bbox 174 3592 233 3643; x_wconf 90' lang='grc'>601.</span> <span class='ocrx_word' id='word_1_247' title='bbox 306 3584 574 3652; x_wconf 75' lang='lat' dir='ltr'>hl9damnWagn,</span> <span class='ocrx_word' id='word_1_248' title='bbox 597 3584 641 3637; x_wconf 89' lang='lat' dir='ltr'>sed</span> <span class='ocrx_word' id='word_1_249' title='bbox 667 3584 788 3638; x_wconf 75' lang='lat' dir='ltr'>ethlom</span> <span class='ocrx_word' id='word_1_250' title='bbox 808 3586 907 3638; x_wconf 74' lang='lat'>[¹140.</span> <span class='ocrx_word' id='word_1_251' title='bbox 1000 3582 1079 3633; x_wconf 83' lang='grc'>5841</span> 
     </span>
     <span class='ocr_line' id='line_1_40' title="bbox 75 3650 1079 3721; baseline -0.014 -9"><span class='ocrx_word' id='word_1_252' title='bbox 75 3663 141 3712; x_wconf 83' lang='lat' dir='ltr'>haec</span> <span class='ocrx_word' id='word_1_253' title='bbox 157 3659 214 3712; x_wconf 92' lang='lat' dir='ltr'>lihri</span> <span class='ocrx_word' id='word_1_254' title='bbox 233 3657 313 3721; x_wconf 71' lang='lat' dir='ltr'>Serv„</span> <span class='ocrx_word' id='word_1_255' title='bbox 330 3671 379 3707; x_wconf 85' lang='lat' dir='ltr'>aec</span> <span class='ocrx_word' id='word_1_256' title='bbox 396 3655 474 3705; x_wconf 77' lang='lat' dir='ltr'>duhel</span> <span class='ocrx_word' id='word_1_257' title='bbox 490 3653 602 3706; x_wconf 85' lang='lat' dir='ltr'>editores</span> <span class='ocrx_word' id='word_1_258' title='bbox 621 3669 657 3718; x_wconf 90' lang='lat' dir='ltr'>pr</span> <span class='ocrx_word' id='word_1_259' title='bbox 677 3652 819 3706; x_wconf 84' lang='lat' dir='ltr'>Thilonem.</span> <span class='ocrx_word' id='word_1_260' title='bbox 896 3652 944 3703; x_wconf 79' lang='lat' dir='ltr'>aet</span> <span class='ocrx_word' id='word_1_261' title='bbox 963 3650 1079 3711; x_wconf 66' lang='lat' dir='ltr'>flammat</span> 
     </span>
     <span class='ocr_line' id='line_1_41' title="bbox 75 3717 1079 3795; baseline -0.012 -15"><span class='ocrx_word' id='word_1_262' title='bbox 75 3729 151 3795; x_wconf 83' lang='lat' dir='ltr'>solet,</span> <span class='ocrx_word' id='word_1_263' title='bbox 162 3726 333 3789; x_wconf 77' lang='lat' dir='ltr'>sumuaServ.</span> <span class='ocrx_word' id='word_1_264' title='bbox 345 3722 401 3777; x_wconf 89' lang='lat' dir='ltr'>cod.</span> <span class='ocrx_word' id='word_1_265' title='bbox 414 3722 491 3778; x_wconf 83' lang='lat' dir='ltr'>Cass..</span> <span class='ocrx_word' id='word_1_266' title='bbox 509 3721 610 3782; x_wconf 78' lang='lat' dir='ltr'>famam</span> <span class='ocrx_word' id='word_1_267' title='bbox 623 3728 670 3773; x_wconf 89' lang='lat' dir='ltr'>cet.</span> <span class='ocrx_word' id='word_1_268' title='bbox 674 3719 863 3783; x_wconf 27' lang='lat' dir='ltr'>UllummnmR</span> <span class='ocrx_word' id='word_1_269' title='bbox 874 3717 1034 3784; x_wconf 85' lang='lat' dir='ltr'>Stephauns;</span> <span class='ocrx_word' id='word_1_270' title='bbox 1050 3718 1079 3768; x_wconf 84' lang='lat' dir='ltr'>ul</span> 
     </span>
     <span class='ocr_line' id='line_1_42' title="bbox 75 3769 1077 3864; baseline -0.011 -15"><span class='ocrx_word' id='word_1_271' title='bbox 75 3769 151 3856; x_wconf 77' lang='lat' dir='ltr'>fama</span> <span class='ocrx_word' id='word_1_272' title='bbox 176 3812 248 3864; x_wconf 93' lang='lat' dir='ltr'>prop</span> <span class='ocrx_word' id='word_1_273' title='bbox 270 3793 357 3856; x_wconf 88' lang='lat' dir='ltr'>Thilo,</span> <span class='ocrx_word' id='word_1_274' title='bbox 383 3791 525 3856; x_wconf 84' lang='lat' dir='ltr'>ultricique</span> <span class='ocrx_word' id='word_1_275' title='bbox 550 3805 632 3840; x_wconf 84' lang='lat' dir='ltr'>manu</span> <span class='ocrx_word' id='word_1_276' title='bbox 659 3794 760 3841; x_wconf 76' lang='lat' dir='ltr'>cineres</span> <span class='ocrx_word' id='word_1_277' title='bbox 785 3788 823 3840; x_wconf 83' lang='lat' dir='ltr'>Tr.</span> <span class='ocrx_word' id='word_1_278' title='bbox 848 3786 936 3839; x_wconf 79' lang='lat' dir='ltr'>Schdll</span> <span class='ocrx_word' id='word_1_279' title='bbox 963 3801 1003 3852; x_wconf 89' lang='lat' dir='ltr'>ap</span> <span class='ocrx_word' id='word_1_280' title='bbox 1028 3785 1077 3838; x_wconf 88' lang='lat' dir='ltr'>Thi</span> 
     </span>
    </p>
   </div>
   <div class='ocr_carea' id='block_1_4' title="bbox 67 3863 206 3918">
    <p class='ocr_par' dir='ltr' id='par_1_4' title="bbox 67 3863 206 3918">
     <span class='ocr_line' id='line_1_43' title="bbox 67 3863 206 3918; baseline -0.015 -1"><span class='ocrx_word' id='word_1_281' title='bbox 67 3863 116 3917; x_wconf 74' lang='lat' dir='ltr'>ed.</span> <span class='ocrx_word' id='word_1_282' title='bbox 135 3865 206 3918; x_wconf 83' lang='lat' dir='ltr'>Serv.</span> 
     </span>
    </p>
   </div>
   <div class='ocr_carea' id='block_1_5' title="bbox 0 0 1148 4394">
    <p class='ocr_par' dir='ltr' id='par_1_5' title="bbox 0 0 1148 4394">
     <span class='ocr_line' id='line_1_44' title="bbox 0 0 1148 4394; baseline 0 1"><span class='ocrx_word' id='word_1_283' title='bbox 0 0 1148 4394; x_wconf 95' lang='lat' dir='ltr'> </span> 
     </span>
    </p>
   </div>
  </div>
 </body>
</html>
