2286 4394
358 163 362 168 .
428 106 589 161 manuos
607 107 665 162 ΠΒ.
683 107 733 161 tu.-

71 312 75 317 -
122 267 153 336 in·
168 286 302 358 torquent
322 297 443 357 spumas
465 288 495 341 et
516 280 633 341 caerula
655 288 787 341 verrunt.

85 430 92 444 ⁸
137 359 168 424 dt
184 363 238 425 iam
259 363 356 443 prima
378 382 454 425 noro
477 365 634 444 spargebat
654 365 768 426 lumine
790 373 884 426 terras

55 418 164 509 Ἰ’1815551
184 466 321 510 croceum
343 448 483 528 linquens
504 449 619 510 Aurora
642 449 758 511 cubile:
1069 460 1113 512 585

49 526 146 607 “gna
167 552 181 595 e
201 533 330 612 speculis
352 542 385 595 ut
407 534 536 613 primum
558 534 707 596 albescere
730 533 827 596 lucem

11 634 13 639 ·
48 605 162 704 11511155
181 619 313 698 aequatis
334 618 457 680 classem
480 619 643 698 procedere
664 619 735 680 velis

46 685 183 784 litoraque
206 713 235 764 et
256 721 364 765 vacuos
385 704 478 765 sensit
499 704 564 765 sine
586 703 698 783 remige
720 713 841 784 portus,

44 785 144 868 terque
165 797 328 868 quaterque
351 806 441 849 manu
462 797 568 868 pectus
590 807 730 868 percussa
752 788 892 849 decorum

43 864 232 977 flaventisque
255 873 381 935 abscissa
404 891 503 935 comas
521 867 590 952 ‘pro
613 873 761 953 luppiterl
784 872 838 934 ibit
1069 881 1112 931 585

41 949 97 1019 bic’
118 959 158 1020 ait
190 969 220 1019 et
243 958 352 1020 nostris
375 957 512 1020 inluserit
532 958 644 1019 advena
665 955 789 1037 regnis?

42 1056 101 1105 non
124 1061 206 1105 arma
227 1043 385 1123 expedient
405 1052 525 1122 totaque
547 1061 583 1103 55
605 1042 680 1104 55155
702 1053 866 1122 sequentur

42 1123 238 1208 diripientque
260 1136 339 1190 55155
360 1128 408 1189 5111
430 1125 602 1189 navalibus?
622 1128 681 1199 ite,

42 1209 113 1274 terte
136 1213 186 1274 citi
208 1213 353 1288 dammas,
376 1213 443 1274 date
464 1212 537 1287 tela,
560 1212 701 1291 impellite
722 1214 834 1274 remosi
858 1247 899 1256 —

43 1298 109 1375 quid
131 1296 262 1377 loquor?
284 1306 335 1359 aut
356 1297 408 1359 ubi
430 1296 518 1359 sum?
540 1316 616 1376 quae
637 1305 768 1359 mentem
792 1298 906 1359 insania
928 1293 1041 1358 mutat?
1071 1306 1114 1357 585

43 1379 141 1444 infelix
162 1383 251 1445 Didol
274 1401 357 1444 nunc
379 1390 407 1445 55
429 1383 504 1444 15555
529 1383 617 1462 impia
639 1380 788 1462 tangunt?

44 1474 102 1528 tum
124 1468 239 1544 decuit,
262 1486 330 1529 curn
353 1476 468 1548 sceptra
491 1466 589 1529 dabas.
611 1501 653 1512 —
676 1486 713 1528 en
737 1468 839 1528 dextra
862 1467 1007 1546 fidesque,

47 1567 127 1629 quem
149 1571 250 1615 secum
273 1552 385 1632 patrios
406 1552 490 1613 aiunt
511 1563 629 1632 portare
651 1553 781 1631 penatis,

50 1652 129 1713 quem
150 1637 276 1700 subiisse
298 1637 408 1699 umeris
430 1639 601 1699 coniectum
623 1644 717 1698 aetate
740 1636 909 1718 parentemi
933 1669 974 1681 -

52 1736 104 1783 non
125 1723 207 1802 potui
230 1722 387 1803 abreptum
409 1722 546 1784 divellere
568 1740 678 1802 corpus
700 1729 729 1783 et
751 1721 838 1782 undis
1071 1731 1115 1780 855

54 1805 202 1887 spargere?
225 1826 287 1870 non
311 1808 424 1882 socios,
447 1825 509 1868 non
533 1808 631 1887 ipsum
653 1806 808 1868 absumere
830 1806 911 1867 lerro

55 1888 198 1955 15555155
219 1892 381 1972 patriisque
403 1892 582 1972 epulandum
605 1910 718 1972 ponere
741 1888 873 1953 mensisl
895 1924 937 1935 -

56 1989 141 2038 rerum
163 1995 275 2058 anceps
296 1995 415 2057 pugnae
438 1979 533 2039 luerat
555 1979 683 2038 fortuna.
706 2009 748 2022 -
770 1976 888 2049 luisset;

58 2073 128 2136 quem
148 2063 242 2124 metui
263 2060 428 2125 moritura?
451 2063 529 2124 15555
551 2061 581 2122 15
606 2070 699 2124 555555
721 2061 852 2123 tulissem

10 2184 12 2235 5
57 2139 267 2227 implessemque
289 2149 370 2209 loros
391 2147 516 2209 dammis
537 2155 699 2226 natumque
721 2155 894 2225 patremque
1071 2151 1115 2202 585

58 2243 111 2291 tum
131 2250 241 2311 genere
263 2232 443 2307 exstinxem,
465 2240 575 2293 memet
595 2250 686 2312 super
707 2231 771 2311 ipsa
793 2230 948 2293 dedissem.
971 2260 1013 2273 -

59 2314 104 2390 sol,
124 2317 173 2397 qui
193 2327 339 2378 terrarum
361 2318 486 2379 dammis
507 2335 597 2396 opera
619 2316 719 2378 omnia
740 2316 862 2389 1555555,

10 2448 12 2457 .
59 2404 132 2479 tuque
153 2403 258 2464 barum
280 2403 429 2482 interpres
451 2420 589 2464 curarum
611 2410 642 2463 et
662 2401 781 2463 conscia
803 2400 878 2462 luno

9 3076 13 3159 l

60 2487 257 2566 nocturnisque
279 2487 389 2549 Hecate
411 2487 504 2549 triviis
526 2487 636 2548 ululata
658 2504 712 2565 per
735 2485 824 2547 urbes

60 2570 178 2634 55111555
199 2572 321 2634 ultrices
342 2581 372 2633 et
394 2572 423 2633 di
445 2573 598 2634 morientis
620 2571 747 2645 Elissae,

60 2656 165 2737 accipite
187 2658 260 2718 baec
282 2657 480 2736 meritumque
501 2657 585 2718 malis
607 2655 747 2718 advertite
770 2673 881 2717 numen

60 2747 81 2798 55
98 2752 209 2804 nostras
230 2743 328 2803 audite
349 2760 463 2823 preces.
507 2743 532 2803 si
553 2751 675 2821 tangere
695 2749 801 2819 portus

59 2818 196 2889 blandum
218 2835 309 2906 caput
329 2845 364 2888 ac
386 2827 474 2888 terris
495 2827 605 2887 adnare
627 2843 748 2887 necesse
770 2834 815 2886 est

60 2912 136 2973 etsie
157 2913 218 2974 1555
240 2911 315 2973 lovis
336 2920 479 2991 poscunt,
502 2911 549 2972 bic
571 2910 716 2971 terminus
737 2910 854 2983 haeret,

59 3001 81 3052 at
98 2994 172 3058 bello
195 2996 313 3058 audacis
334 2997 438 3076 populi
459 3004 579 3058 renatus
601 3004 631 3057 et
652 2995 756 3070 armis,

58 3075 151 3144 finibus
174 3081 315 3155 extorris,
338 3081 495 3161 complexu
517 3080 632 3142 avolsus
654 3078 709 3140 luli

10 3188 12 3193 ·
58 3167 182 3228 auxilium
204 3166 344 3246 imploret
364 3166 519 3245 videatque
541 3165 664 3244 indigna
685 3181 807 3226 suorum

56 3245 162 3328 iunera;
186 3269 258 3325 nec,
282 3269 348 3312 cum
371 3270 403 3313 55
425 3251 480 3313 sub
504 3251 584 3328 leges
606 3250 687 3330 pacis
709 3249 828 3327 iniquae

55 3336 203 3412 tradiderit,
226 3354 320 3415 regno
343 3344 394 3398 aut
415 3344 514 3416 optata
537 3335 603 3396 luce
625 3336 754 3409 truatur3

127 3505 178 3558 583
198 3501 275 3568 (aul
292 3504 351 3568 208)
370 3501 543 3555 damnGebb.
614 3499 690 3563 58415
709 3502 752 3564 (=
762 3499 795 3552 111
813 3501 864 3551 ate
874 3500 904 3562 a.)
922 3495 1006 3548 damn.
1016 3493 1116 3548 Peerlk.

52 3571 94 3624 585
107 3575 228 3638 primam
246 3568 410 3639 P¹y¹aRibb.
497 3571 545 3622 581
566 3585 599 3620 aa·
636 3572 690 3620 atis
707 3569 734 3620 G.
752 3567 791 3620 Fr.
804 3565 931 3617 Hermann
949 3561 1022 3616 Rbbl.
1042 3564 1117 3626 1850,

51 3638 102 3695 511.
175 3641 225 3692 593
245 3638 331 3705 derip.
349 3637 443 3702 Heius,
462 3635 553 3704 Waqn.
571 3636 590 3688 b
615 3639 676 3699 .31,
693 3634 759 3687 Rbb.
793 3632 879 3685 damn.
896 3630 974 3685 5151.
989 3632 1063 3697 1883,
1078 3635 1117 3686 15.

50 3707 94 3760 584
111 3709 173 3771 tata]
195 3706 255 3759 vota
273 3705 373 3774 blenag.
391 3706 415 3770 1,
433 3708 579 3773 5555555555
604 3705 636 3757 cl.
655 3703 719 3755 Rbb.
739 3700 806 3754 Prol.
826 3701 884 3754 356.
988 3701 1038 3753 538
1054 3715 1118 3767 por·

50 3778 111 3827 55555
127 3774 153 3827 bl
246 3776 295 3829 tto
314 3779 341 3825 et
358 3774 395 3837 da]
416 3774 481 3836 fidet·
498 3776 624 3826 commate
642 3775 758 3839 postpos.
777 3767 886 3836 Speijer.

93 3865 215 3921 Vergilius.
950 3854 966 3904 6
