2286 4394
464 108 625 162 rennues
643 110 752 165 LlB.V1.

97 273 123 334 ni
142 297 204 358 gens
226 278 354 341 erudelis
375 280 490 341 madida
512 300 579 341 cum
601 292 681 344 veste
703 290 852 361 gravatum

96 373 326 444 prensantemque
348 365 433 426 uncis
454 365 591 428 manibus
614 367 707 446 capita
730 385 832 446 aspera
855 370 964 432 montis

95 442 161 509 ierro
179 449 329 511 invasisset
350 451 549 531 praedamque
571 452 672 530 ignara
695 462 836 532 putasset.

96 544 164 595 nunc
180 553 226 595 me
247 535 356 596 fluctus
377 535 466 597 habet
487 545 664 615 versantque
686 537 716 598 in
740 537 825 597 litore
847 539 935 599 venti.

95 619 206 691 quarte
227 638 283 700 per
306 620 377 680 caeli
400 621 562 682 iucundum
584 621 683 683 lumen
708 632 738 683 et
759 640 859 698 auras,

94 713 139 774 per
155 704 316 785 genitorem
338 724 406 781 oro,
428 725 484 786 per
505 725 574 787 spes
595 708 744 785 surgentis
765 707 836 782 lull,

92 787 160 874 ¹eripe
178 808 225 850 me
246 790 309 865 his,
332 789 449 866 invicte,
472 791 568 854 malis:
592 801 642 852 aut
663 800 696 853 tu
718 792 788 852 mihi
811 801 918 853 terram

89 871 156 936 nie
174 878 315 954 (namque
336 875 434 956 potes)
458 885 621 956 portusque
643 877 761 955 require
783 877 914 951 velinos,

10 996 15 1031 ,
86 966 132 1020 aut
149 971 194 1033 tu,
217 960 242 1021 si
265 979 324 1039 qua
339 957 388 1020 ¹ria
413 970 470 1035 est,
494 962 519 1023 si
542 980 629 1042 quam
652 961 704 1022 tihi
727 962 790 1023 diva
813 963 938 1023 creatrix

10 1070 12 1089 ι
83 1045 203 1106 Ostendit
226 1047 335 1124 (neque
358 1046 453 1119 enim,
477 1047 581 1120 credo,
605 1047 669 1108 sine
693 1048 815 1107 numine
837 1048 934 1109 divom

78 1119 195 1191 flumina
216 1138 298 1190 tanta
320 1149 406 1209 paras
429 1131 618 1211 Stygiamque
642 1132 745 1192 innare
767 1132 930 1213 paludem),

74 1203 112 1274 ‘la
132 1216 264 1277 dextram
286 1215 394 1277 misero
417 1225 448 1277 et
468 1225 566 1277 tecum
589 1234 636 1276 me
658 1216 728 1277 tolle
751 1236 805 1296 per
826 1218 936 1295 undas,

70 1299 192 1362 sedibus
214 1308 247 1360 ut
268 1300 368 1362 saltem
392 1300 514 1382 placidis
536 1303 565 1362 in
589 1310 684 1361 morte
707 1294 873 1379 quiescam.³

61 1383 137 1475 (laha
160 1387 239 1447 latus
261 1395 338 1460 erat,
362 1387 461 1466 coepit
483 1405 550 1447 cum
573 1387 640 1447 talia
662 1395 756 1447 vates:

78 1472 162 1532 unde
183 1471 274 1543 haec,
297 1490 315 1531 o
338 1471 491 1544 Palinure,
513 1471 567 1531 tibi
589 1481 648 1532 tarn
671 1471 734 1532 dira
756 1471 885 1551 cupido?

60 1556 98 1616 lu
123 1556 241 1636 Stygias
262 1555 432 1617 inhumatus
455 1575 545 1635 aquas
566 1574 744 1634 amnemque
766 1576 899 1619 severum

60 1631 271 1702 Eumenidum
293 1641 417 1721 aspicies
440 1642 569 1721 ripamve
591 1641 721 1702 iniussus
743 1640 856 1704 adibis?

58 1723 174 1788 desine
196 1727 254 1787 fata
276 1726 364 1786 deum
386 1726 464 1787 flecti
487 1744 607 1806 sperare
629 1726 787 1804 precando.

55 1813 115 1872 sed
143 1830 218 1891 cape
239 1810 318 1872 dieta
340 1830 468 1886 memor,
491 1811 557 1872 duri
580 1811 685 1872 solacia
708 1830 802 1872 casus.

56 1912 140 1958 nam
162 1905 213 1958 tua
235 1895 352 1956 finitimi
373 1897 463 1976 longe
485 1897 601 1975 lateque
622 1915 678 1977 per
699 1896 788 1958 urbes

53 1981 213 2061 prodigiis
235 1981 291 2042 acti
314 1981 490 2043 caelestibus
512 2000 577 2043 ossa
598 1980 725 2060 piabunt

53 2079 94 2129 et
118 2075 254 2128 statuent
275 2066 422 2128 tumulum
445 2078 475 2127 et
498 2067 609 2127 tumulo
633 2066 785 2127 sollemnia
808 2066 939 2142 mittent,

55 2162 284 2230 aeternumque
306 2150 389 2212 locus
411 2151 540 2212 Palinuri
563 2170 672 2212 nomen
696 2141 832 2211 habehit?

54 2235 112 2300 his
136 2236 224 2298 dictis
247 2254 335 2297 curae
358 2245 471 2298 emotae
493 2236 655 2316 pulsusque
676 2254 837 2315 parumper

58 2321 160 2384 corde
183 2321 269 2383 dolor
289 2320 366 2383 tristi
373 2339 382 2403 3
405 2321 513 2401 gaudet
534 2321 712 2400 cognomine
734 2329 840 2382 terrae.

153 2406 234 2487 Ergo
256 2407 314 2468 iter
336 2406 488 2486 inceptum
509 2416 656 2487 peragunt
678 2407 825 2486 fluvioque
848 2408 1060 2488 propinquant.

61 2493 167 2554 navita
190 2511 265 2571 quos
287 2493 344 2553 iam
366 2492 436 2552 inde
458 2501 491 2552 ut
513 2492 611 2572 Stygia
633 2493 785 2571 prospexit
807 2492 843 2553 ab
865 2494 944 2554 unda
1107 2505 1141 2522 ¹·

62 2597 124 2657 per
145 2577 267 2638 tacitum
290 2595 395 2638 nemus
416 2577 460 2638 ire
482 2579 647 2656 pedemque
669 2577 821 2638 advertere
843 2579 940 2658 ripae,

62 2665 110 2725 sic
133 2663 217 2742 prior
238 2661 408 2741 adgreditur
429 2662 514 2724 dictis
535 2671 624 2743 atque
645 2663 780 2741 increpat
801 2663 895 2724 ultro:

59 2741 214 2828 ‘quisquis
237 2766 283 2824 es,
306 2755 434 2808 armatus
457 2748 507 2825 qui
529 2755 630 2809 nostra
654 2748 688 2809 ad
711 2748 832 2808 llumina
854 2747 963 2822 tendis,

65 2834 131 2894 lare
155 2850 224 2912 age,
247 2833 317 2912 quid
340 2833 455 2908 venias,
478 2832 534 2893 iam
558 2833 645 2894 istinc
667 2841 697 2893 et
719 2833 881 2911 comprime
903 2850 1046 2912 gressum.

66 2917 241 2979 umbrarum
263 2918 313 2978 hic
334 2916 418 2978 locus
441 2926 500 2990 est,
523 2917 619 2978 somni
642 2917 798 2996 noctisque
820 2936 961 2998 soporae;
1096 2926 1140 2978 aad

67 3021 195 3083 corpora
216 3004 280 3064 viva
302 3003 385 3063 nefas
407 3002 506 3082 Stygia
528 3011 642 3064 vectare
665 3001 774 3064 carina.

68 3106 125 3149 nec
146 3107 218 3148 vero
240 3087 362 3149 Alciden
386 3105 434 3148 me
455 3106 519 3148 sum
543 3088 665 3149 laetatus
687 3096 809 3148 euntem

69 3173 217 3253 accepisse
239 3173 306 3234 lacu
329 3191 385 3233 nec
407 3172 519 3233 Thesea
542 3172 781 3251 Pirithoumque,

68 3258 112 3319 dis
136 3276 314 3337 quamquam
337 3256 429 3337 geniti
451 3265 539 3335 atque
560 3257 662 3318 invicti
682 3257 793 3319 viribus
815 3266 923 3318 essent.

70 3342 242 3404 Tartareum
263 3342 312 3404 ille
333 3360 423 3403 manu
447 3344 597 3403 custodem
621 3343 652 3403 in
675 3343 769 3403 vinela
791 3342 892 3421 petivit
1098 3350 1127 3400 aa

70 3428 161 3506 ipsius
182 3445 198 3488 a
221 3427 295 3489 solio
316 3427 395 3506 regis
416 3427 562 3507 traxitque
583 3436 776 3502 trementem;

72 3512 99 3572 hi
120 3512 271 3573 dominam
293 3512 367 3574 pitis
388 3512 514 3574 thalamo
536 3514 683 3574 deducere
705 3506 817 3572 adorti?

71 3615 143 3675 quae
167 3606 271 3658 contra
293 3596 421 3657 breviter
443 3598 500 3658 lata
523 3609 567 3659 est
589 3596 762 3676 Amphrysia
784 3605 878 3654 vates:

152 3786 213 3850 post
231 3781 279 3835 361
298 3780 347 3832 lac.
361 3782 419 3832 stat.
432 3779 505 3832 Ribh.
568 3780 617 3831 383
637 3780 711 3827 terra
722 3794 739 3839 χ
751 3774 822 3828 Serv.
891 3776 940 3828 385
959 3778 1099 3842 conspexit
1112 3774 1139 3827 M
