2474 4388
453 215 614 270 erunibus
632 217 692 273 tta.
709 218 748 273 ΠΙ.

56 390 140 451 unde
162 388 219 450 iter
241 387 352 450 ltaliam
376 406 541 468 cursusque
563 387 754 452 brevissimus
776 391 874 454 undis.

57 475 105 536 sol
127 473 187 535 ruit
208 473 321 534 interea
343 482 373 534 et
393 481 511 535 montes
533 472 709 535 umbrantur
730 477 824 556 opaci.

58 557 224 621 sternimur
245 565 361 639 optatae
383 558 496 636 gremio
519 558 632 620 telluris
654 558 690 619 ad
713 560 822 623 undam

59 643 158 706 sortiti
180 661 278 705 remos
299 642 468 723 passimque
490 642 522 704 in
544 642 631 704 litore
653 643 732 705 sicco

60 746 190 806 corpora
211 745 364 802 curamus,
386 729 479 790 lassos
501 745 592 807 sopor
612 727 720 807 inrigat
742 739 834 792 artus.

61 813 190 875 necdum
213 812 315 874 orbem
337 813 467 874 medium
490 813 554 873 Nox
577 812 665 874 floris
687 823 751 875 acta
772 815 906 876 subibat:

59 897 139 960 haud
161 897 262 976 segnis
283 905 376 959 strato
398 897 493 975 surgit
515 897 671 959 Palinurus
695 908 725 959 et
746 901 844 961 omnis

59 982 195 1063 explorat
216 991 319 1044 ventos
340 992 429 1061 atque
450 982 572 1043 auribus
593 991 661 1044 aera
685 992 798 1063 captat;

60 1067 158 1129 sidera
180 1076 288 1129 cuncta
309 1075 394 1128 notat
413 1066 502 1128 tacito
524 1066 653 1128 labentia
677 1069 775 1142 caelo,

60 1153 222 1215 Arcturum
245 1152 418 1232 pluviasque
439 1151 556 1231 Hyadas
577 1152 771 1232 geminosque
793 1153 920 1216 Triones

60 1245 266 1315 armatumque
286 1254 361 1299 auro
384 1236 584 1316 circumspicit
606 1236 727 1299 Oriona.

60 1330 219 1403 postquam
241 1330 348 1385 cuncta
371 1321 449 1383 videt
469 1321 551 1382 caelo
574 1330 711 1383 constare
733 1341 856 1397 sereno,

60 1408 110 1468 dat
133 1406 246 1468 clarum
270 1425 286 1467 e
308 1406 402 1487 puppi
423 1406 557 1484 signum3
580 1424 636 1468 nos
658 1415 753 1469 castra
774 1427 927 1475 movemus

60 1499 301 1573 temptamusque
323 1491 397 1553 viam
420 1500 450 1552 et
471 1491 603 1552 velorum
625 1491 784 1570 pandimus
806 1494 875 1556 alas.

147 1576 268 1655 lamque
289 1575 466 1638 rubescebat
486 1576 578 1638 stellis
600 1577 714 1638 Aurora
737 1578 860 1656 fugatis,

60 1679 131 1722 cum
152 1661 259 1742 procrd
281 1660 424 1723 obscuros
445 1660 529 1722 collis
550 1660 751 1740 humilemque
772 1662 903 1727 videmus

61 1745 185 1808 ltaliam.
228 1745 339 1807 ltaliam
360 1745 475 1826 primus
495 1747 662 1808 conclamat
683 1747 823 1823 Achates,

60 1830 174 1893 ltaliam
195 1831 272 1892 laeto
294 1830 369 1895 socii
390 1830 519 1892 clamore
540 1831 676 1893 salutant

60 1925 126 1978 tum
146 1924 232 1997 pater
253 1915 397 1977 Anchises
418 1933 559 1995 magnum
582 1924 696 1978 cratera
719 1935 829 1979 corona

61 2001 159 2064 induit
181 2000 370 2080 implevitque
392 2017 474 2062 mero
497 2000 638 2080 divosque
659 2001 773 2063 vocavit

59 2098 145 2148 stans
167 2085 245 2147 celsa
266 2085 297 2146 in
321 2085 428 2165 puppi:
512 2085 514 2088 ’

57 2167 118 2245 ‘di,
139 2170 231 2232 maris
252 2178 282 2231 et
302 2178 400 2231 terrae
421 2177 690 2250 tempestatumque
712 2179 863 2249 potentes,

61 2257 137 2317 lerte
159 2255 235 2316 viam
256 2261 344 2316 vento
367 2254 482 2316 lacilem
504 2265 534 2317 et
554 2255 665 2334 spirate
687 2251 840 2317 secundil'

60 2339 257 2403 crebrescunt
278 2347 395 2420 optatae
418 2358 506 2401 aurae
528 2347 692 2419 portusque
713 2341 838 2419 patescit

61 2428 120 2489 mm
142 2424 266 2504 propior
287 2424 492 2504 templumque
512 2424 687 2509 apparet-in
709 2442 778 2485 arce
799 2425 957 2487 Minervae.

64 2512 128 2573 vela
151 2508 256 2589 legunt
277 2509 348 2571 socii
371 2518 402 2571 ot
421 2527 526 2588 proras
548 2509 585 2571 ad
606 2509 693 2570 litora
713 2517 864 2588 torquent.

62 2604 171 2676 portus
193 2594 229 2655 ab
252 2612 345 2657 euroo
367 2594 459 2657 lluctu
481 2602 618 2656 curvatus
640 2594 671 2654 in
695 2612 812 2656 arcum:

62 2680 197 2743 obiectae
218 2679 292 2742 salsa
313 2687 453 2760 spumant
475 2678 631 2759 aspargine
653 2688 773 2753 cautes,

63 2766 127 2845 ipse
148 2765 234 2841 latet;
256 2764 375 2842 gemino
398 2763 556 2826 demittunt
578 2763 713 2825 bracchia
735 2781 821 2824 muro

62 2850 163 2912 turriti
184 2849 298 2928 scopuli
319 2848 487 2928 refugitque
508 2849 544 2910 ab
567 2848 653 2910 litore
675 2847 829 2928 templum.

62 2943 205 3014 quattuor
225 2933 290 3009 hic,
311 2933 440 3014 primum
464 2952 570 3008 omen,
594 2951 687 3012 equos
708 2932 739 2993 in
763 2931 896 3012 gramine
918 2930 977 2992 vidi

61 3018 216 3080 tondentis
237 3036 375 3098 campum
396 3017 454 3079 late
475 3018 605 3079 candore
627 3017 724 3079 nivali.

63 3113 93 3165 et
114 3113 201 3184 pater
222 3103 380 3165 Anchises:
400 3096 539 3178 ‘bellum,
564 3121 582 3163 o
605 3113 683 3163 terra
706 3100 837 3180 hospita,
859 3108 977 3180 portas:

61 3188 143 3250 hello
164 3196 316 3249 armantur
338 3188 423 3267 equi,
446 3187 557 3249 bellum
578 3187 651 3248 haec
673 3193 809 3247 armenta
829 3185 991 3246 minantur.

61 3272 116 3336 sed
138 3281 236 3334 umen
258 3272 336 3334 idem
358 3272 429 3335 olim
451 3290 541 3335 curru
563 3271 724 3334 succedere
746 3269 822 3332 sueti

61 3357 322 3438 quamupeteset
342 3358 427 3419 irena
449 3357 519 3436 iugo
541 3356 700 3418 concordia
722 3356 816 3417 ferre:

62 3461 134 3523 spes
155 3451 186 3503 et
206 3437 301 3522 pacis’
325 3441 374 3505 ait.
417 3451 479 3503 tum
503 3442 625 3503 numina
648 3449 750 3502 sancta
772 3457 930 3520 precamur

62 3527 189 3589 Palladis
209 3526 391 3601 armisonae,
415 3545 490 3606 quae
511 3526 607 3606 prima
628 3525 743 3604 accepit
766 3524 893 3598 ovantis,

61 3620 93 3674 et
114 3611 212 3692 capita
233 3620 303 3673 ante
325 3628 390 3673 aras
412 3611 539 3691 Phrygio
561 3610 693 3672 velamur
715 3609 838 3682 amictu;
1096 3613 1140 3663 att

150 3810 314 3879 attremat]
332 3810 522 3865 somnos'coob
540 3808 579 3866 tlt.
601 3812 735 3875 188111.
770 3809 906 3874 requiam?
992 3806 1040 3857 att
1060 3803 1138 3867 celso]

60 3882 131 3933 dna
146 3877 181 3932 P¹
211 3880 305 3947 prima
322 3878 374 3951 (ἔγι
389 3877 465 3932 Ribb.
553 3881 601 3932 535
622 3879 762 3930 dirrn'ttunl
778 3874 843 3946 Py'c
856 3873 931 3927 Ribb.
