2474 4388
84 197 123 255 12
453 197 481 252 P.
492 198 619 252 vulturni
636 197 782 251 MARONlS

84 371 147 451 ipse
170 372 289 449 ignotus
312 390 402 451 egens
423 372 543 473 Libyae
555 372 671 434 deserta
692 388 818 453 peragro

83 455 201 537 Europa
224 465 311 536 atque
334 456 400 518 Asia
422 447 543 555 pqlsus.³
589 477 645 519 nec
668 457 754 537 plura
776 465 953 536 querentem

81 559 174 645 passa
189 542 290 603 Venus
312 541 407 603 medio
430 542 473 604 sie
495 543 632 604 interfata
655 543 757 604 dolore
780 550 842 603 est:

164 621 319 706 ‘Quisquis
342 645 388 700 es,
409 628 504 702 haud,
527 628 768 703 credo‚1nvisus
790 626 968 688 caelestibus
991 646 1076 691 auras

81 711 174 774 vitalis
197 713 309 792 carpis,
332 711 449 792 Tyriam
473 713 524 793 qui
546 713 700 775 adveneris
721 712 835 774 urbem.

81 815 173 877 perge
194 797 283 859 modo
306 806 394 877 atque
416 798 487 859 hinc
509 806 537 859 te
560 799 680 878 reginae
702 798 736 858 ad
759 797 861 859 limina
883 797 995 877 perfer.

83 901 210 962 namque
233 882 285 944 tibi
307 884 432 944 reduces
453 884 549 945 socios
573 884 755 962 classemque
777 883 899 943 relatam

82 969 187 1030 nuntio
211 969 293 1029 etin
316 977 411 1029 tutum
434 969 525 1030 versis
547 968 736 1048 aquilonibus
759 977 867 1042 actam,

82 1053 113 1131 ni
136 1054 244 1116 frustra
267 1053 423 1133 augurium
444 1054 512 1115 vani
534 1054 662 1115 docuere
685 1062 834 1133 parentes.

82 1138 180 1218 aspice
203 1139 248 1200 bis
270 1158 360 1201 senos
381 1138 517 1200 laetantis
538 1140 655 1218 agmine
678 1157 804 1220 cycnos,

81 1223 211 1284 aetheria
234 1243 309 1304 quos
331 1223 413 1302 lapsa
435 1224 519 1303 plaga
541 1224 617 1286 lovis
640 1224 699 1286 ales
722 1232 825 1304 aperto

81 1307 219 1370 turbabat
241 1310 337 1383 caelo;
360 1327 443 1369 nunc
460 1317 560 1370 terras
583 1310 687 1370 ordine
708 1310 798 1388 longo

81 1404 132 1455 aut
154 1412 260 1472 capere
282 1402 333 1455 aut
355 1401 453 1473 captas
475 1394 531 1455 iam
555 1395 726 1474 despectare
746 1394 898 1455 videntur:

124 1488 157 1540 ut
178 1479 303 1541 reduces
325 1478 366 1539 illi
388 1478 496 1541 ludunt
517 1480 711 1541 stridentibus
734 1479 787 1540 alis

124 1573 154 1625 et
177 1574 264 1626 coetu
287 1565 406 1626 cinxere
428 1565 531 1644 polum
554 1573 716 1644 cantusque
739 1563 862 1636 dedere,

82 1649 160 1710 haud
182 1650 267 1710 aliter
288 1668 463 1729 puppesque
486 1659 553 1711 tuae
576 1650 731 1729 pubesque
754 1659 873 1710 tuorum

82 1742 133 1796 aut
153 1743 274 1815 portum
295 1743 377 1796 tenet
399 1744 450 1795 aut
471 1736 561 1814 pleno
584 1735 663 1796 subit
686 1734 759 1796 ostia
780 1734 856 1795 velo

81 1838 172 1899 perge
194 1820 282 1880 modo
306 1828 350 1893 ct,
374 1837 430 1898 qua
453 1828 482 1881 te
504 1820 586 1881 ducit
606 1820 667 1891 via,
690 1819 784 1898 dirige
807 1806 958 1899 gressum.³

167 1904 244 1966 Dixit
266 1912 295 1965 et
316 1913 451 1966 avertens
472 1923 557 1966 rosea
580 1906 693 1967 cervice
714 1904 845 1978 refulsit,

82 1989 305 2069 ambrosiaeque
327 2008 428 2052 comae
450 1990 581 2052 divinum
603 1990 711 2050 vertice
734 1990 856 2050 odorem

81 2075 244 2155 spiravere,
267 2075 357 2156 pedes
378 2077 465 2138 vestis
488 2076 609 2138 delluxit
630 2077 665 2137 ad
687 2075 778 2145 imos,

81 2169 111 2221 et
132 2179 199 2222 vera
223 2161 341 2222 incessu
362 2162 457 2241 patuit
479 2162 542 2222 dea.
586 2161 635 2222 ille
656 2159 709 2222 ubi
731 2168 853 2220 matrem

78 2245 236 2348 adgnovit,
262 2245 345 2305 [alil
331 2246 494 2324 lugientem
516 2254 561 2307 est
583 2264 654 2307 voce
677 2253 808 2306 secutus:

78 2324 162 2410 ‘quid
185 2338 287 2391 natum
311 2331 436 2404 totiens,
460 2330 586 2392 crudelis
608 2339 641 2391 tu
664 2348 797 2410 quoque,
820 2328 899 2390 lalsis

81 2415 158 2476 ludis
179 2412 378 2493 imaginibus?
405 2433 459 2476 cur
481 2415 630 2476 dextrae
622 2434 747 2494 rungere
769 2415 902 2476 dextram

82 2519 143 2561 non
167 2499 252 2560 datur
274 2517 309 2559 ac
330 2517 414 2561 veras
435 2499 536 2561 audire
559 2512 589 2560 et
611 2501 734 2561 reddere
756 2488 880 2562 vocesl'

81 2583 188 2646 talibus
211 2583 327 2646 incusat
349 2603 542 2665 gressumque
564 2586 600 2646 ad
622 2586 740 2647 moenia
761 2584 867 2646 tendit.

80 2679 110 2730 at
131 2669 231 2730 Venus
253 2670 380 2731 obscuro
403 2671 563 2750 gradientis
584 2681 651 2732 aere
673 2671 782 2749 saepsit

81 2763 111 2815 et
133 2755 225 2816 multo
249 2754 375 2817 nebulae
398 2756 511 2817 circum
533 2757 586 2817 dea
608 2756 684 2818 ludit
703 2756 827 2829 amictu,

82 2857 207 2901 cernere
229 2858 268 2900 ne
290 2841 356 2918 quis
379 2858 430 2902 eos
452 2859 513 2901 neu
536 2841 601 2920 quis
624 2841 799 2919 contingere
822 2846 922 2918 posset

81 2925 212 2985 molirive
235 2943 348 2986 moram
370 2935 421 2987 aut
442 2925 578 2987 veniendi
600 2944 723 3006 poscere
746 2943 856 2986 causas.

81 3010 143 3088 ipsa
165 3009 299 3088 Paphum
321 3009 454 3072 sublimis
477 3011 537 3072 abit
559 3013 703 3090 sedesque
726 3010 826 3071 revisit

81 3094 155 3155 laeta
178 3113 260 3168 suas,
283 3095 335 3156 ubi
356 3095 500 3174 templum
522 3095 579 3169 illi,
602 3105 781 3175 centumque
804 3093 916 3155 Sabaeo

80 3189 147 3240 ture
170 3179 267 3240 calent
289 3197 355 3240 arae
379 3180 524 3260 sertisque
546 3182 717 3242 recentibus
738 3181 847 3241 halant.

167 3263 344 3344 Corripuere
365 3265 440 3325 viam
463 3266 591 3339 interea,
615 3285 673 3344 qua
695 3266 798 3327 semita
821 3269 974 3325 monstrat.

80 3349 198 3428 iamque
220 3349 421 3411 ascendebant
443 3350 563 3424 collem,
587 3351 637 3429 qui
659 3350 805 3430 plurimos
826 3348 894 3410 urbi

113 3560 116 3565 ·
167 3536 217 3587 389
235 3532 319 3587 damn.
337 3540 398 3600 post
416 3533 522 3586 Bavium
542 3534 588 3585 llv.
609 3535 683 3598 1818,
703 3536 759 3586 116.
838 3537 889 3588 395
907 3547 999 3583 nuno
1012 3532 1114 3582 .oiden

79 3603 130 3656 396
147 3602 340 3669 parenthesis'
321 3602 401 3667 signis
414 3602 540 3655 circumcl
553 3602 605 3654 iub.
616 3600 731 3667 Eussner,
748 3602 799 3658 BG.
815 3605 887 3666 1880,
901 3605 925 3654 6.
995 3601 1047 3652 396
1067 3615 1114 3686 cap

79 3686 111 3723 ex
129 3672 195 3724 coni.
208 3670 282 3723 Ribb.
337 3670 507 3736 -spaotareG
532 3670 719 3737 respectaroP
799 3674 847 3725 397
867 3675 926 3737 post
944 3669 993 3723 393
1013 3668 1114 3734 poni,

79 3739 128 3790 eici
145 3739 216 3792 iubet
235 3738 316 3805 Mejer
332 3737 372 3791 JJ.
393 3740 466 3802 1883,
485 3741 543 3791 112.
633 3740 710 3807 39118
730 3737 831 3791 excludi
850 3738 940 3790 volunt
959 3735 1114 3789 SchenklZ

81 3808 155 3871 1819,
174 3809 233 3871 390,
251 3806 361 3859 butun.
381 3806 446 3858 Phil
467 3809 540 3869 1811,
554 3809 612 3872 359,
630 3808 681 3860 alii.
785 3809 836 3860 398
853 3806 939 3858 solum
957 3804 1044 3856 Burm

78 3875 128 3928 401
149 3845 241 3940 dong'e
258 3875 400 3928 PR¹R1bb
492 3879 541 3929 407
561 3879 666 3939 totiens]
683 3878 812 3940 genetrice
828 3873 937 3927 Heidtm.
958 3874 1032 3937 1885,
1052 3875 1077 3925 4.
