2286 4394
96 222 139 281 54
467 220 497 272 P.
508 219 636 272 l'ffltitu
652 219 799 274 1430048

92 394 199 453 deiecit
220 393 330 452 voltum
352 403 382 451 et
404 392 530 453 demnsa
551 410 623 453 roce
643 393 741 453 locuta
763 404 824 455 cst:

88 470 121 537 ‘o
143 477 212 538 lelir
235 495 294 538 una
315 488 385 537 ante
407 477 478 537 alias
502 478 643 538 Priameia
665 479 749 556 virgo

91 562 228 623 bostilem
248 563 284 622 ad
306 562 453 622 tumulum
475 563 581 623 Troiae
601 562 659 623 sub
679 562 838 625 moenibus
857 564 925 627 alais

91 648 170 707 iussa
192 648 283 719 mori,
306 664 381 724 quae
403 648 526 708 sortitus
548 666 611 707 non
633 648 754 726 pertulit
775 648 854 711 udos

91 750 146 791 nec
169 732 288 792 victoris
309 731 373 793 heri
397 731 492 809 tetigit
513 733 627 811 captiua
647 731 763 795 cubile!

91 835 147 877 nos
169 817 263 895 patria
285 817 407 877 incensa
429 817 542 878 diversa
564 835 620 895 per
639 835 769 896 aequm
789 827 890 879 rectae

88 901 192 981 stirpis
212 901 359 962 Achilleae
382 903 475 971 [astus
495 902 692 980 iuvenemque
712 902 875 981 superbum

89 987 209 1048 servitio
232 987 336 1047 enixae
358 987 496 1057 tulimus;
516 987 569 1065 qui
590 986 700 1047 deinde
719 998 842 1049 acutus

88 1069 234 1132 Ledaeam
256 1071 439 1133 Hermionen
461 1071 771 1150 lacedaemoniosque
792 1072 973 1152 hymenaeos

88 1173 138 1217 me
159 1156 269 1217 lamule
292 1156 489 1234 famulamque
511 1156 626 1217 llcleno
648 1156 811 1219 transmisit
835 1157 1011 1223 habendam

87 1251 133 1301 ast
155 1241 238 1301 illum
260 1250 379 1320 ereptae
400 1259 510 1320 magno
532 1241 732 1303 inflammatus
750 1260 853 1303 amore

88 1326 226 1403 coniugis
248 1335 277 1385 et
299 1325 446 1385 scelerum
468 1325 554 1387 furiis
574 1326 701 1405 agitatus
722 1326 844 1389 orales

87 1410 197 1488 excipit
217 1411 371 1470 incautum
393 1411 562 1489 patriasque
583 1410 741 1472 obtruncat
762 1410 801 1471 ad
820 1430 897 1475 aras.

87 1503 185 1553 morte
207 1494 391 1574 Neoptolemi
413 1513 578 1574 regnorum
599 1496 714 1557 reddita
733 1497 822 1558 cessit

86 1595 156 1657 pars
178 1577 309 1649 lleleno,
331 1580 382 1657 qui
404 1579 554 1642 Chaonios
575 1581 756 1660 cognomine
776 1599 900 1661 campus

87 1662 306 1741 Chaoniamque
329 1682 449 1725 omnem
470 1665 601 1726 Troiano
622 1684 640 1725 a
661 1665 782 1727 Cbaone
802 1666 875 1729 dixit

85 1747 288 1827 Pergamaque
310 1748 486 1828 lliacamque
507 1749 585 1830 iugis
605 1751 684 1812 banc
703 1751 813 1813 addidit
833 1770 944 1813 arcem

85 1833 137 1893 sed
159 1831 213 1893 tibi
236 1834 288 1912 qui
309 1852 429 1895 cursum
450 1835 546 1907 venti,
569 1853 645 1913 quae
666 1836 725 1897 lata
746 1834 877 1897 dedere?

86 1925 136 1978 aut
158 1918 295 1996 quisnam
316 1919 454 1998 ignarum
477 1919 589 1981 nostris
610 1920 684 1982 deus
704 1920 817 2001 appulit
839 1918 923 1983 oris?

85 2001 156 2082 quid
178 2021 255 2083 puer
275 2001 443 2066 Ascanius?
463 2013 623 2084 superatne
643 2014 672 2066 et
694 2005 824 2067 uescitur
844 2024 934 2079 aura,

84 2106 173 2166 quem
197 2088 248 2149 tibi
271 2088 328 2149 iam
351 2090 439 2150 Troia
463 2134 784 2149 ...........
795 2088 812 2150 l

84 2190 177 2251 ecqua
200 2182 298 2234 mmen
321 2192 416 2253 puero
437 2184 483 2236 est
503 2174 627 2236 amissae
648 2192 719 2236 cura
740 2173 898 2254 parentis?

83 2258 189 2335 ecquid
211 2258 242 2318 in
264 2259 416 2336 antiquam
437 2259 576 2320 virtutem
597 2259 772 2338 animosque
793 2259 885 2323 iiam

83 2351 114 2401 et
135 2351 220 2419 pater
240 2341 355 2402 Aeneas
376 2352 407 2402 et
428 2344 592 2405 avunculus
613 2344 719 2406 excitat
740 2338 888 2406 Hector?'

82 2424 150 2485 talia
173 2423 317 2485 fundebat
338 2426 496 2487 lacrimans
517 2427 683 2508 longosque
705 2428 800 2491 ciebat

81 2508 230 2569 incassum
254 2509 355 2581 lictus,
378 2528 445 2571 cum
467 2530 533 2572 sese
554 2530 570 2572 a
592 2513 751 2576 moenibus
770 2514 862 2575 beroa

82 2591 243 2654 Priamides
265 2593 365 2656 multis
387 2595 518 2658 Helenus
540 2598 751 2661 comitantibus
770 2598 864 2659 adlert

80 2677 294 2756 adgnoscitque
315 2699 385 2742 suos
407 2680 560 2761 laetusque
581 2682 617 2742 ad
640 2683 740 2744 limina
762 2682 844 2744 ducit

81 2763 122 2839 [et
144 2762 269 2823 multum
291 2765 427 2828 lacrimas
446 2767 536 2829 verba
557 2767 637 2828 inter
657 2767 773 2847 singula
794 2766 913 2844 lunditl.

79 2846 209 2925 procedo
232 2857 261 2909 et
283 2868 402 2928 parvam
424 2851 542 2914 Troiam
563 2852 759 2931 simulataque
780 2851 896 2931 magnis

79 2930 221 3010 Pergama
244 2942 274 2993 et
294 2947 428 2998 arentem
449 2935 559 3000 Xanthi
580 2937 759 3017 cognomine
781 2937 877 2998 riuum

79 3015 229 3094 adgnosco
250 3018 419 3099 Scaeaeque
441 3022 604 3102 amplector
624 3022 726 3084 limina
748 3031 861 3101 portae.

80 3117 136 3160 nec
161 3118 221 3160 non
244 3112 274 3162 et
296 3103 403 3165 Teucri
425 3107 506 3167 socia
527 3107 615 3167 simul
637 3107 711 3169 urbe
733 3107 884 3168 fruuntur.

79 3182 145 3244 illos
167 3185 332 3263 porticibus
354 3205 404 3249 rex
426 3190 588 3270 accipiebat
609 3192 639 3252 in
662 3192 782 3271 amplis3

78 3267 153 3331 aulai
177 3270 274 3331 medio
296 3270 428 3333 libabant
449 3275 555 3353 poeula
576 3276 683 3337 Bacchi

163 3472 211 3522 327
230 3487 317 3521 nexae
335 3471 454 3523 conilll.
523 3475 573 3526 330
590 3476 744 3535 flammatus
756 3472 911 3543 FPy'Ribb.
981 3475 1032 3526 333
1050 3474 1136 3526 meat·

78 3536 125 3590 llv.
147 3539 221 3603 1881,
238 3542 279 3592 55.
358 3540 452 3603 339343
469 3539 552 3593 damn.
571 3539 680 3605 Peerllt.,
699 3544 774 3607 34th
794 3543 952 3610 Grnppffll,
971 3543 1049 3610 34043
1067 3542 1128 3596 0οι

79 3609 129 3658 340
147 3609 233 3672 quern]
252 3623 320 3674 quae
338 3622 370 3658 ex
387 3606 488 3673 blenag.
506 3607 525 3659 ll
545 3607 635 3674 Wagn.
659 3616 685 3661 et
703 3610 765 3662 edit.
790 3611 850 3663 inde
868 3624 966 3663 omnes.
997 3610 1137 3665 vessicam

77 3673 706 3797 ccccccccccclamatae
723 3675 1140 3799 acclamatae

78 3822 101 3857 v.
114 3781 174 3873 344,
192 3810 232 3863 cui
251 3767 331 3863 inled.
344 3812 403 3864 min.
417 3759 637 3879 praemisitpuncis
654 3784 782 3867 ibclusum
801 3829 824 3867 v.
837 3783 912 3867 initio
925 3783 1024 3867 mutato
1042 3813 1070 3866 in
1089 3817 1133 3867 lau

76 3876 190 3927 inultum
207 3878 353 3929 lacrimam
404 3881 549 3930 lacrimans
567 3876 624 3948 Pyt
644 3878 676 3931 cl.
695 3877 766 3934 Serv.
