2286 4394
72 230 113 287 61]
442 227 471 279 Ρ.
483 226 611 281 munt
629 226 777 283 motis

71 402 297 481 praeceptisque
320 399 441 461 lleleni.
463 400 585 461 dederat
606 419 683 480 quae
704 404 849 479 maxima,
871 406 929 468 rite

70 484 179 546 lunoni
200 486 325 563 Argivae
347 487 443 546 iussos
464 486 618 547 adolemus
639 487 779 549 honores.

70 570 148 629 haud
171 587 269 631 mora.
292 572 438 631 contiuuo
459 571 600 651 perlectis
621 571 728 632 ordine
747 574 826 637 rotis

70 673 183 716 cornua
206 654 366 715 velatarum
389 654 572 716 obvertimus
593 666 795 718 antennarum

70 738 333 819 Graiugenumque
354 742 459 801 domos
480 752 676 821 suspectaque
698 741 863 821 linquimus
883 762 963 806 arva.

70 824 139 886 hinc
162 825 245 886 sinus
267 823 423 897 llereulei,
444 826 469 886 si
490 844 559 885 rera
580 836 625 887 est
648 827 740 899 lama,
762 826 887 890 'latenti

70 910 220 983 cernitur;
242 910 349 971 attollit
370 929 403 971 se
424 909 489 970 dira
512 909 631 971 Lacinia
653 920 759 972 contra

70 994 268 1075 Caulonisque
289 1013 374 1056 arces
395 1003 425 1055 et
447 996 629 1073 navifragum
651 996 836 1075 Scylaceum.

69 1089 132 1140 tum
155 1081 260 1160 procul
282 1100 299 1140 e
321 1081 413 1140 fluctu
436 1079 589 1140 Trinacria
611 1081 747 1141 cernitur
767 1083 863 1143 Aetna

70 1177 99 1225 et
121 1167 262 1241 gemitum
284 1166 437 1243 ingentem
461 1165 558 1244 pelagi
579 1165 753 1244 pulsataque
775 1183 846 1227 saxa

69 1250 206 1311 audimus
227 1250 316 1329 longe
338 1251 505 1328 tractasque
525 1251 561 1311 ad
584 1250 671 1311 litora
691 1268 779 1311 voees

69 1334 276 1412 exsultantque
298 1334 369 1393 rada
390 1342 480 1412 atque
502 1344 585 1396 aestu
607 1335 772 1396 murentur
792 1336 932 1398 harenae.

69 1428 100 1480 et
121 1429 205 1498 pater
228 1418 386 1479 Anchises:
405 1412 560 1480 ‘nimirum
583 1420 656 1480 haec
677 1419 726 1480 itta
748 1419 928 1501 Charybdim

68 1504 124 1564 hos
146 1502 278 1563 Helenus
299 1503 455 1583 scopulos,
479 1505 552 1566 haec
573 1522 643 1565 saxa
663 1504 813 1566 horrenda
834 1505 971 1567 canebat

69 1588 191 1667 eripite,
215 1606 233 1648 o
254 1589 341 1661 socii,
363 1589 534 1668 pariterque
556 1590 701 1668 insurgite
722 1584 844 1651 remisl'

68 1673 146 1733 haud
170 1673 269 1734 minus
291 1691 326 1734 ac
348 1674 419 1734 iussi
442 1674 556 1735 iaciunt
577 1674 750 1752 primusque
772 1673 931 1736 rudentem

68 1758 215 1820 contorsit
235 1758 329 1819 laevas
351 1775 470 1837 proram
493 1758 653 1819 Palinurus
672 1758 710 1819 ad
732 1758 844 1834 undas;

68 1845 178 1905 laevam
201 1853 309 1904 cuncta
332 1844 440 1904 cohors
462 1844 551 1904 remis
573 1842 728 1923 ventisque
748 1843 861 1924 petivit

67 1928 201 1990 tollimur
223 1928 254 1989 in
278 1928 393 1990 caelum
415 1936 535 1989 curvato
557 1928 674 2007 gurgite
696 1937 727 1989 et
748 1928 826 1989 idem

68 2013 213 2077 subducta
236 2013 271 2075 ad
294 2014 390 2075 mauis
412 2014 488 2074 imos
508 2013 676 2075 desedimus
697 2014 786 2076 unda.

68 2111 114 2161 ter
136 2099 250 2180 scopuli
273 2100 433 2160 clamorem
456 2099 534 2159 inter
555 2116 624 2159 cara
644 2117 713 2159 saxa
735 2098 860 2173 dedere,

69 2195 115 2246 ter
136 2202 271 2264 spumam
294 2185 394 2245 elisam
418 2193 447 2244 et
468 2184 600 2245 rorantia
621 2183 747 2244 vidimus
768 2192 855 2245 astra.

68 2270 181 2331 interea
204 2270 296 2329 fessos
318 2276 423 2329 ventus
444 2286 514 2329 cum
535 2269 598 2329 sole
619 2268 740 2347 reliquit

68 2353 223 2433 ignarique
245 2352 306 2413 viae
329 2351 490 2432 Cyclopum
512 2353 678 2415 adlabimur
699 2353 769 2414 oris.

154 2437 260 2498 l'ortus
283 2436 320 2496 ab
342 2455 464 2498 accessu
486 2447 642 2513 ventorum
664 2438 804 2500 immotus
825 2447 856 2500 et
877 2437 986 2517 ingens
1095 2435 1127 2491 ttt

68 2522 147 2602 ipse,
170 2520 221 2582 sed
244 2522 391 2583 horrificis
413 2521 492 2582 iuxta
515 2531 599 2584 tonat
621 2526 714 2583 Aetna
736 2523 833 2585 ruinis

67 2606 278 2686 interdumque
300 2616 392 2668 atram
415 2609 584 2689 prorumpit
604 2607 640 2668 ad
663 2608 782 2669 aethera
804 2606 916 2670 nubem

67 2691 189 2754 turbiue
211 2692 372 2753 fumantem
396 2692 481 2772 piceo
504 2702 533 2754 et
555 2694 702 2754 candente
724 2692 819 2754 favilla

68 2777 233 2857 attollitque
255 2777 359 2857 globos
382 2778 564 2839 flammarum
588 2786 618 2838 et
639 2776 735 2839 sidera
757 2776 875 2852 lambit,

68 2863 217 2925 interdum
240 2863 379 2943 scopulos
401 2864 557 2942 avolsaque
578 2862 689 2924 viscera
711 2862 823 2924 montis
1098 2859 1134 2914 lll

68 2948 155 3027 erigit
178 2956 317 3010 eructans
339 2948 556 3028 liquefactaque
577 2965 644 3009 saxa
667 2947 722 3009 sub
745 2964 832 3008 auras

67 3053 135 3095 cum
158 3033 268 3113 gemitu
291 3032 435 3112 glomerat
456 3034 610 3111 fundoque
632 3040 784 3094 exaestuat
804 3032 874 3092 imo.

1 3137 3 3152 ·
66 3119 142 3179 fama
165 3126 210 3179 est
231 3116 372 3178 Enceladi
394 3118 566 3180 semiustum
589 3117 713 3178 fulmine
734 3134 844 3197 corpus

67 3203 166 3282 urgeri
189 3202 267 3262 mole
289 3201 343 3262 hac
366 3201 578 3281 ingentemque
600 3202 724 3281 insuper
746 3203 869 3263 Aetnam

66 3286 232 3367 impositam
255 3286 350 3366 ruptis
372 3288 518 3346 flammam
541 3287 690 3366 exspirare
712 3286 852 3362 caminis;
1100 3287 1139 3340 ld)

66 3382 95 3433 et
118 3374 225 3433 lassum
249 3370 387 3449 quotiens
409 3379 504 3432 mutet
525 3371 612 3445 latus,
636 3371 797 3432 intremere
820 3386 940 3432 omnem

66 3474 218 3518 murmure
241 3454 422 3517 Trinacriam
446 3464 476 3516 et
498 3456 611 3516 caelum
633 3455 791 3517 subtexere
813 3456 905 3517 fumo.

67 3550 186 3603 rrrictcru
209 3540 288 3601 illam
310 3540 379 3601 tecti
403 3540 481 3601 silvis
503 3540 641 3602 immania
663 3549 796 3603 monstra

153 3709 201 3761 558
220 3708 264 3759 hta
281 3706 381 3760 hll‘hbr
398 3706 457 3758 had.
545 3710 592 3759 adt
614 3707 754 3759 tridentem
772 3708 814 3772 (ct.
826 3706 848 3758 V
862 3706 920 3771 143)
938 3701 1024 3757 lleins.
1065 3717 1142 3755 roeo-

68 3774 227 3864 lemlellnr.
247 3775 312 3828 Zdll.
333 3777 407 3841 1853,
419 3778 477 3827 tto.
530 3776 602 3857 'tto
616 3778 853 3892 'insurgentempae
870 3790 919 3855 per
935 3774 1052 3854 deletam
1070 3769 1142 3823 bibt.

70 3842 260 3959 mappa-pm
280 3842 405 3963 appropriat?
419 3843 506 3894 statne
524 3847 649 3909 imposito
671 3858 702 3894 ex
720 3846 830 3910 eprstua
848 3841 962 3895 hlersten
979 3854 1030 3893 ree.
1049 3837 1109 3892 had.
