2286 4394
460 185 622 239 nuunmos
639 184 698 239 ΠΒ.
715 185 734 239 i.

53 359 102 420 hic
124 360 185 420 iam
208 368 257 419 ter
280 368 400 421 centum
422 368 499 420 totos
521 357 693 435 regnabitur
716 377 811 421 annos

56 452 144 524 gente
167 443 224 504 suh
248 443 412 518 Hectorea,
435 445 531 506 donec
552 444 654 521 regina
676 445 813 506 sacerdos

55 529 148 590 Marte
170 529 270 606 gravis
292 530 440 608 geminam
462 537 549 609 partu
571 527 652 590 dabit
673 528 723 591 liia
746 531 871 609 prolem.

57 613 125 674 inde
146 614 236 693 lupae
258 614 338 675 fulvo
362 614 484 676 nutricis
506 614 635 692 tegmine
657 615 750 676 laetus

58 699 203 760 Romulus
227 699 354 779 excipiet
376 708 493 779 gentem
517 708 546 760 et
568 699 707 760 Mavortia
730 700 839 761 condet

10 780 14 807 ³
60 786 176 846 moenia
197 784 408 863 Romanosque
430 803 484 845 suo
507 785 543 845 de
566 784 686 846 nomine
708 785 794 846 dicet.

60 870 105 930 his
126 888 182 949 ego
206 889 262 932 nec
284 878 379 931 metas
399 887 500 930 rerum
523 888 578 931 nec
600 878 734 948 tempora
756 889 854 950 pono:

60 955 216 1035 imperium
240 956 305 1017 sine
327 956 387 1015 fine
409 954 483 1015 dedi.
528 954 600 1033 quin
623 973 725 1034 aspera
748 955 839 1028 luno,

62 1059 134 1119 quae
157 1058 239 1101 mare
261 1058 344 1101 nunc
366 1048 519 1118 terrasque
542 1047 622 1101 metu
644 1040 817 1120 caelumque
839 1040 957 1120 fatigat,

61 1126 182 1186 consilia
205 1125 236 1186 in
259 1125 363 1187 meiius
385 1125 494 1186 referet
516 1142 691 1204 mecumque
714 1124 824 1187 fovebit

60 1209 226 1285 Romanos,
248 1229 348 1271 rerum
371 1209 520 1283 dominos,
543 1219 720 1290 gentemque
741 1220 878 1290 togatam.

61 1294 100 1357 sic
120 1296 274 1376 placitum.
317 1295 415 1357 veniet
436 1295 536 1357 lustris
558 1295 726 1358 labentibus
748 1305 843 1371 aetas,

62 1399 125 1442 cum
148 1381 256 1442 domus
277 1381 410 1442 Assaraci
432 1380 565 1443 Phthiam
588 1380 739 1460 clarasque
761 1380 898 1462 Mycenas

61 1466 176 1528 servitio
199 1474 315 1546 premet
337 1484 372 1526 ac
393 1465 476 1528 victis
498 1467 698 1529 dominabitur
720 1468 815 1547 Argis.

62 1560 199 1614 nascetur
220 1552 344 1631 pulchra
367 1551 512 1615 Troianus
535 1552 651 1631 origine
673 1551 795 1625 Caesar,

62 1635 217 1716 imperium
241 1637 376 1710 Oceano,
398 1640 505 1698 t'amam
527 1638 577 1717 qni
599 1637 739 1699 terminet
760 1638 859 1713 astris,

62 1720 163 1797 lulius,
186 1741 203 1782 a
227 1739 333 1800 magno
356 1723 515 1785 demissum
538 1741 648 1785 nomen
671 1722 744 1784 luto.

62 1807 137 1868 hunc
159 1816 193 1868 tu
217 1807 287 1867 olim
309 1808 389 1869 caelo
412 1808 512 1888 spoliis
536 1808 666 1869 Orientis
688 1817 828 1870 onustum

64 1892 185 1973 accipies
207 1911 328 1968 secura;
350 1893 501 1955 vocabitur
522 1893 570 1954 hic
593 1912 712 1973 quoque
732 1894 816 1954 votis.

65 1986 249 2058 asperatum
271 1979 375 2058 positis
395 1979 552 2040 mitescent
574 1979 689 2040 saecula
711 1977 810 2052 bellis;

65 2079 132 2123 cana
154 2061 243 2124 Fides
265 2072 295 2124 et
317 2063 417 2135 Vesta,
440 2064 532 2126 Remo
556 2082 622 2125 cum
646 2065 736 2124 fratre
758 2063 900 2134 Quirinus

66 2147 123 2208 iura
144 2147 274 2223 dabunt;
297 2149 377 2210 dirae
399 2149 478 2210 terro
501 2158 530 2211 et
552 2148 745 2229 compagibus
767 2147 838 2208 artis

67 2232 237 2295 claudentur
259 2233 332 2295 Belli
354 2243 473 2314 portae3
496 2234 592 2295 Furor
614 2234 723 2313 impius
745 2234 826 2294 intus

65 2336 142 2380 saeva
165 2318 272 2380 sedens
294 2337 384 2399 super
406 2337 486 2380 arma
509 2329 539 2380 et
561 2328 680 2381 centurn
702 2320 818 2380 vinctus
840 2318 921 2379 aenis

64 2413 126 2482 post
146 2411 263 2483 tergum
287 2404 372 2466 nodis
394 2405 500 2466 fremet
521 2405 658 2466 horridus
681 2423 732 2465 ore
755 2398 905 2465 cruento’

143 2487 225 2550 Haec
245 2489 285 2549 ait
307 2497 336 2550 et
357 2487 433 2551 Maia
454 2490 587 2570 genitum
609 2489 734 2551 demittit
755 2488 790 2550 ab
814 2489 886 2561 aito,

66 2581 95 2632 ut
114 2581 210 2635 terrae
232 2583 324 2652 utque
346 2593 439 2636 novae
461 2583 582 2655 pateant
603 2575 789 2655 Karthaginis
810 2593 892 2635 arces

67 2656 187 2738 hospitio
211 2658 350 2735 Teucris,
373 2679 412 2722 ne
434 2661 485 2722 tati
508 2660 606 2722 nescia
628 2660 703 2721 Dido

65 2742 168 2804 tinibus
189 2752 314 2806 arceret.
356 2745 502 2807 volatilla
524 2764 578 2825 per
599 2755 666 2806 aera
688 2763 827 2824 magnum

66 2829 184 2909 remigio
206 2829 317 2890 alarum
342 2849 375 2891 ac
398 2830 505 2911 Libyae
528 2831 604 2892 citus
626 2830 737 2893 adstitit
759 2830 826 2891 oris.

67 2921 92 2974 et
110 2914 168 2975 iam
192 2914 271 2977 iussa
292 2916 361 2976 tacit
382 2925 560 2996 ponuntque
581 2916 689 2976 ferocia
713 2915 805 2976 Poeni

66 3000 150 3061 corda
172 2999 289 3061 volente
311 3001 384 3077 deo;
407 3001 437 3063 in
461 3001 563 3080 primis
585 3002 687 3081 regina
709 3000 841 3078 quietum

64 3084 167 3166 accipit
188 3086 219 3147 in
243 3085 374 3148 Teucros
397 3086 528 3147 animum
550 3097 738 3164 mentemque
761 3084 931 3163 benignam.

144 3171 183 3230 At
205 3170 272 3251 pius
293 3171 407 3233 Aeneas
428 3190 483 3252 per
504 3182 623 3234 noctem
644 3170 770 3251 plurima
792 3171 979 3230 volvens...

62 3264 93 3316 ut
113 3255 242 3335 primum
266 3255 316 3316 lur
337 3256 410 3317 aima
434 3257 498 3318 data
521 3265 580 3330 est,
603 3256 682 3317 exire
704 3256 845 3333 locosque

63 3340 215 3420 explorare
239 3359 347 3416 novos,
371 3360 443 3421 quas
465 3351 553 3403 vento
576 3341 835 3412 accesseramus,

62 3426 110 3505 qui
131 3434 256 3487 teneant
278 3426 359 3504 (nam
380 3427 492 3489 inculta
512 3427 619 3503 videt),
641 3425 817 3486 hominesne
838 3424 973 3494 ieraene,

61 3529 204 3590 quaerere
227 3511 382 3572 constituit
402 3512 549 3591 sociisque
572 3520 672 3572 exacta
694 3512 814 3571 referre.

59 3597 181 3660 classem
204 3596 236 3657 in
261 3615 392 3659 convexo
416 3615 573 3658 nemorum
595 3595 650 3658 suh
672 3614 747 3674 rupe
769 3603 866 3655 cavata
1091 3594 1134 3645 310

143 3799 196 3853 298
215 3801 299 3863 atqua
316 3794 616 3860 Gebh.JJ.1eer‚oon;
635 3795 702 3846 idem
715 3798 765 3848 299
783 3811 816 3844 ne
833 3791 888 3853 foti
905 3793 1068 3841 ...arceret
1085 3790 1134 3842 300

58 3872 117 3935 pout
134 3866 248 3919 Rarium
266 3863 346 3916 deleri
364 3863 448 3918 iussit.
519 3869 578 3931 post
596 3866 645 3916 305
663 3863 711 3917 lac.
730 3867 789 3914 stat.
807 3858 916 3912 Heidtm.
936 3858 1010 3921 1885,
1028 3855 1066 3910 ΙΙΙ.
