2286 4394
419 116 579 170 enuclees
598 117 656 170 LlB.
666 116 707 169 Vl.

94 282 214 363 vipereum
237 288 350 349 crinem
371 288 449 350 vittis
471 288 579 350 innexa
602 288 742 348 cruentis.

157 371 184 432 ln
205 374 302 434 medio
325 392 423 435 ramos
444 391 615 452 annosaque
638 372 773 434 bracchia
795 373 897 451 pandit

97 453 167 518 ulnus
185 476 290 537 opaca,
313 459 435 537 ingens,
458 477 546 537 quarn
568 458 666 518 sedem
690 457 810 519 Somnia
833 458 917 537 volgo

98 555 148 600 rana
166 552 260 604 tenere
283 543 385 604 ferunt
406 544 542 621 foliisque
564 541 619 604 sub
643 543 781 604 omnibns
801 543 933 606 haerent.

41 678 45 683 .
99 625 213 706 ndtaqne
235 635 389 708 praeterea
413 628 556 688 variarum
579 638 711 688 monstra
734 629 863 688 serarum

99 705 203 773 Centauri
223 713 254 773 in
279 711 394 774 loribus
415 714 564 774 stabulant
586 713 758 794 Scyllaeque
780 712 921 775 biformes

97 799 117 851 et
131 798 373 877 centumgeminus
396 799 533 859 Briareus
555 816 588 859 ac
611 799 697 859 belua
721 797 835 858 Lernae

94 872 245 943 horrendum
267 883 397 944 stridens
419 883 603 962 flammisque
626 890 735 943 armate
760 883 926 956 Chimaera,

86 959 218 1044 ·Gorgones
240 968 446 1048 Harpyiaeque
469 976 498 1028 et
520 968 613 1028 lorma
636 967 810 1046 tricorporis
832 969 964 1029 umbrae.

92 1052 257 1132 corripiente
279 1053 375 1113 subita
398 1054 531 1132 trepidus
552 1053 711 1113 formidine
734 1054 844 1113 terrum

88 1130 177 1199 leneas
198 1137 392 1217 strictamque
414 1139 505 1199 aciem
529 1137 717 1199 venientibus
740 1138 826 1198 offert

88 1224 118 1293 tt,
138 1223 164 1283 ni
185 1224 270 1284 docta
294 1241 393 1284 comes
416 1223 515 1284 tenuis
538 1223 602 1283 siue
625 1240 751 1302 corpore
772 1222 845 1283 vitas

84 1303 220 1369 admoneat
240 1308 362 1368 volitare
384 1326 452 1368 cava
474 1308 529 1369 suh
553 1307 680 1386 imagine
703 1309 829 1383 formae,

81 1387 162 1453 inruat
183 1402 213 1454 et
235 1395 344 1455 frustra
366 1393 445 1453 lerro
469 1392 633 1453 diverberet
656 1393 783 1454 umbras.

10 1490 13 1527 ¹
40 1555 42 1559 ,
150 1478 226 1539 llinc
248 1478 308 1551 via,
331 1476 463 1538 Tartarei
486 1496 561 1556 quae
584 1480 641 1538 lert
663 1478 840 1540 Acherontis
862 1480 898 1540 ad
920 1480 1023 1541 undas.

10 1563 13 1585 ³
76 1562 199 1624 turbidus
220 1563 269 1624 hic
292 1581 384 1623 caeno
406 1571 547 1641 resteque
569 1562 708 1640 voragine
731 1582 839 1641 gurges

10 1674 12 1691 ι
73 1655 176 1709 aestuat
197 1657 287 1727 atque
309 1666 428 1709 omnem
450 1647 559 1729 Cocyto
583 1656 697 1708 eructat
719 1647 869 1710 harenam.

69 1733 191 1812 portitor
212 1733 266 1794 has
287 1732 455 1793 horrendus
478 1751 568 1810 aquas
591 1742 621 1793 et
642 1732 762 1792 flumina
785 1742 881 1796 servat

67 1816 188 1878 terribili
211 1818 349 1896 squalore
373 1817 506 1889 Charon,
530 1817 578 1877 cni
601 1817 727 1896 plurima
749 1828 849 1878 mento

65 1903 186 1983 canities
209 1902 319 1964 inculta
341 1902 430 1976 iacet,
452 1911 532 1964 stant
553 1903 663 1962 lumina
686 1903 816 1973 flamma,

63 1987 200 2050 sordidus
222 2006 258 2049 ex
280 1987 390 2048 umeris
412 1986 491 2049 nodo
515 1988 662 2067 dependet
685 1989 817 2048 amictus.

61 2073 125 2153 ipse
148 2080 241 2133 ratem
264 2081 354 2133 conto
376 2071 487 2151 subigit
507 2073 638 2151 velisque
659 2072 808 2132 ministrat

61 2166 92 2219 et
113 2157 284 2236 ferruginea
307 2155 459 2218 subvectat
481 2175 606 2236 corpora
629 2156 752 2231 cumba,

60 2244 120 2304 iam
142 2243 258 2318 senior,
280 2243 331 2303 sed
354 2242 445 2303 cruda
468 2242 523 2303 deo
545 2242 704 2321 viridisque
726 2250 873 2303 senectus.

60 2329 121 2389 hnc
145 2328 242 2389 omnis
264 2325 349 2388 turba
372 2328 407 2386 ad
430 2327 509 2407 ripas
532 2328 623 2388 effusa
646 2327 765 2399 ruebat,

60 2420 172 2474 matres
194 2420 282 2492 atque
304 2411 374 2486 viri,
397 2411 596 2490 defunctaque
619 2430 744 2493 corpora
767 2413 823 2472 vita

61 2497 283 2575 magnanimum
306 2498 450 2571 heroum,
472 2498 558 2577 pueri
579 2498 782 2576 innuptaeque
806 2497 936 2576 puellae,

60 2582 254 2662 impositique
276 2582 356 2662 rogis
379 2582 500 2643 invenes
521 2590 590 2643 ante
612 2600 663 2642 ora
685 2589 859 2661 parentum,

62 2685 152 2747 qnam
175 2667 266 2728 multa
288 2667 318 2728 in
343 2667 421 2728 silvis
444 2667 578 2728 autumni
601 2667 711 2744 frigore
733 2667 829 2746 primo

61 2753 145 2832 lapsa
168 2753 277 2814 cadunt
299 2751 383 2827 lolia,
406 2752 513 2813 autad
537 2761 645 2813 terram
668 2751 785 2830 gurgite
807 2751 843 2811 ab
867 2751 924 2813 alto
1096 2760 1140 2812 atu

62 2855 154 2917 quam
176 2836 285 2899 multae
307 2837 510 2918 glomerantur
532 2856 612 2909 aves,
635 2837 685 2897 nbi
708 2837 831 2915 lrigidus
854 2854 950 2897 annus

61 2933 146 2983 trans
167 2929 295 3002 pontum
317 2924 399 3002 lugat
420 2931 449 2983 et
471 2923 558 2984 terris
579 2922 710 2983 immittit
732 2921 848 3001 apricis.

63 3007 182 3070 stabant
204 3015 322 3069 orantes
344 3007 432 3086 primi
453 3007 653 3069 transmittere
676 3026 796 3069 cursum

63 3092 287 3171 tendebantque
309 3109 415 3154 manus
436 3092 518 3172 ripae
540 3092 689 3154 ulterioris
711 3111 821 3153 amore.

64 3179 162 3239 navita
183 3177 234 3239 sed
257 3177 348 3239 tristis
371 3195 453 3239 nnnc
474 3178 529 3240 hos
551 3196 633 3239 nunc
656 3178 865 3258 occipitium,

64 3271 109 3325 ast
131 3262 205 3324 alios
227 3262 316 3343 longe
337 3262 491 3325 submotos
513 3271 594 3324 arcet
615 3264 735 3323 harena.

150 3349 265 3408 Aeneas
286 3348 407 3409 miratus
429 3348 509 3408 enim
530 3357 688 3427 motusque
710 3346 839 3409 tumultu

60 3422 134 3493 ‘dic’
162 3433 202 3493 ait
221 3426 251 3494 ‘o
273 3433 373 3512 virgo,
396 3432 466 3511 quid
488 3433 548 3494 volt
570 3450 734 3494 concursus
756 3432 789 3491 ad
814 3426 952 3490 amnem?

65 3518 171 3597 quidve
194 3526 301 3597 petunt
321 3515 458 3578 animae?
490 3518 536 3578 rel
559 3537 617 3596 qno
641 3516 810 3578 discrimine
833 3514 913 3593 ripas

65 3654 267 3664 ———

150 3720 201 3772 293
219 3733 300 3771 cavae
317 3716 400 3770 Bentl.
481 3720 531 3771 294
548 3719 665 3778 umbras]
683 3730 766 3766 accras
785 3714 870 3765 Bentl.
951 3714 1000 3765 300
1018 3714 1142 3776 flammae

24 3857 29 3882 Ι
65 3782 208 3857 tt¹t>¹ttyb¹
240 3788 398 3850 flammeap
