2286 4394
56 234 75 294 2
422 235 450 289 Ρ.
462 233 588 288 VERGlLl
604 233 750 288 MARONlS

139 405 237 481 Musa,
259 406 330 467 mihi
353 425 456 469 causas
478 425 624 481 memora,
647 426 707 486 quo
730 409 854 471 numine
876 411 956 471 laeso

55 493 159 572 quidve
182 492 285 554 dolens
307 492 410 570 regina
433 493 521 554 deum
542 501 587 553 tot
608 493 723 555 volvere
747 511 831 556 casus

53 578 201 657 insignem
222 577 331 657 pietate
353 577 463 652 virum,
486 586 530 639 tot
551 578 631 639 adire
654 578 770 640 labores

54 663 93 724 im
138 662 219 723 lerit.
262 670 401 723 tantaene
424 663 529 724 animis
551 662 727 725 caelestibus
748 661 833 725 irael

140 746 218 808 Urbs
240 747 359 825 antiqua
381 748 437 808 luit
459 746 552 832 (Tyrii
575 756 699 809 tenuere
722 744 834 830 coloni)

54 832 218 912 Karthago,
240 831 351 893 ltaliam
374 842 479 894 contra
501 832 701 912 Tiberinaque
724 833 813 912 longe

55 919 144 993 ostia,
168 917 249 980 dives
271 936 361 997 opum
384 918 547 997 studiisque
569 918 727 998 asperrima
749 917 833 994 belli;

55 1022 142 1084 quam
165 1003 241 1064 luno
263 1004 358 1064 fertur
378 1003 466 1065 terris
489 1003 582 1082 magis
603 1002 743 1064 omnibus
763 1022 853 1065 unam

54 1088 222 1170 posthabita
244 1088 371 1150 coluisse
393 1089 495 1150 Samo:
518 1088 567 1149 hic
588 1087 666 1149 illius
688 1106 783 1162 arma,

54 1175 103 1236 hic
126 1192 233 1235 currus
254 1173 324 1246 luit;
347 1174 404 1234 hoc
426 1191 552 1253 regnum
574 1173 628 1234 dea
650 1173 788 1252 gentibus
811 1192 891 1247 esse,

54 1259 79 1322 si
102 1277 159 1338 qua
181 1260 238 1319 lata
260 1258 374 1329 sinant,
398 1257 454 1318 iam
477 1266 541 1319 tum
562 1257 715 1338 tenditque
737 1259 884 1338 lavetque.

53 1343 228 1425 progeniem
252 1343 302 1404 sed
326 1342 406 1404 enim
428 1343 558 1405 Troiano
581 1361 597 1404 a
619 1344 763 1423 sanguine
785 1343 852 1404 duci

54 1429 200 1502 audierat,
224 1427 326 1508 Tyrias
348 1427 417 1488 olim
441 1446 515 1507 quae
536 1435 663 1489 verteret
683 1445 782 1502 arces;

54 1515 125 1575 hinc
147 1512 290 1593 populum
313 1513 370 1573 late
392 1531 493 1593 regem
513 1513 652 1592 belloque
673 1512 835 1594 superbum

54 1609 210 1661 venturum
235 1597 347 1659 excidio
372 1597 494 1679 Libyae:
517 1598 560 1660 sic
581 1598 696 1660 volvere
719 1598 835 1660 Parcas.

55 1685 84 1747 id
107 1693 243 1745 metuens
264 1683 431 1762 veterisque
453 1701 567 1744 memor
589 1683 726 1744 Saturnia
748 1683 835 1757 belli,

54 1770 149 1850 prima
173 1769 251 1849 quod
274 1769 310 1830 ad
333 1769 450 1829 Troiam
473 1787 528 1848 pro
552 1768 626 1829 caris
648 1777 780 1847 gesserat
801 1767 902 1848 Argis,
925 1805 967 1816 -

55 1855 182 1916 necdum
205 1854 291 1915 etiam
315 1872 419 1916 causae
442 1854 551 1915 irarum
575 1853 711 1932 saevique
735 1854 853 1915 dolores

55 1939 225 2002 exciderant
247 1939 362 2000 animo:
385 1948 485 2001 manet
507 1939 563 2000 alta
585 1947 685 2000 mente
706 1948 860 2018 repostum

55 2025 197 2087 iudicium
219 2025 331 2088 Paridis
353 2035 528 2106 spretaeque
551 2024 657 2086 iniuria
679 2025 792 2085 formae

55 2120 85 2172 et
107 2129 202 2190 genus
224 2111 350 2173 invisum
373 2119 403 2172 et
423 2111 499 2190 rapti
522 2109 697 2189 Ganymedis
718 2110 866 2184 bonores;

55 2197 101 2258 bis
123 2215 247 2258 accensa
269 2215 360 2276 super
381 2196 502 2257 iactatos
523 2212 652 2272 aequore
674 2200 736 2254 toto

55 2282 162 2355 Troas,
185 2281 324 2359 reliquias
347 2281 480 2340 Danaum
503 2286 590 2357 atque
613 2277 732 2339 immitis
753 2277 874 2352 Achilli,

55 2366 175 2428 arcebat
196 2367 283 2444 longe
307 2364 407 2436 Latio,
429 2362 596 2441 multosque
618 2380 672 2440 per
694 2380 789 2425 annos

55 2451 195 2512 errabant
216 2448 273 2510 acti
295 2448 362 2509 latis
383 2447 474 2509 maria
497 2446 595 2507 omnia
618 2447 739 2507 circum.

55 2545 155 2597 tntae
177 2535 262 2595 molis
285 2541 348 2594 erat
370 2533 533 2593 Romanam
555 2531 684 2593 condere
707 2541 835 2612 gentem.

141 2620 194 2680 Vix
217 2638 232 2680 e
255 2626 416 2697 conspectu
441 2615 556 2678 Siculae
577 2616 691 2678 telluris
713 2618 743 2678 in
767 2618 856 2678 altum

55 2707 116 2767 vela
139 2705 248 2766 dabant
269 2704 336 2764 laeti
358 2711 388 2763 et
409 2719 528 2782 spumas
549 2701 616 2764 salis
639 2721 707 2763 aere
728 2702 871 2774 ruebant,

57 2811 122 2854 curn
147 2791 221 2852 luno
243 2798 399 2851 aeternum
420 2804 541 2849 servans
562 2785 616 2847 sub
639 2796 761 2867 pectore
783 2788 888 2850 volnus

55 2878 129 2940 baec
151 2894 267 2938 secum:
287 2867 387 2934 ‘mene
409 2872 527 2949 incepto
550 2870 690 2934 desistere
713 2873 815 2933 victam

56 2982 112 3025 nec
135 2979 223 3041 posse
245 2959 325 3020 ltalia
349 2957 531 3019 Teucrorum
554 2965 685 3018 avertere
707 2955 831 3038 regem?

57 3048 167 3129 quippe
188 3055 272 3107 vetor
293 3043 368 3105 latis.
412 3041 545 3102 Pallasne
568 3060 691 3103 exurere
713 3043 835 3105 classem

56 3134 193 3213 Argivom
216 3139 304 3209 atque
325 3129 405 3207 ipsos
426 3126 523 3206 potuit
544 3127 734 3206 submergere
757 3137 850 3207 ponto

57 3222 146 3282 unius
169 3217 206 3279 ob
230 3226 337 3276 noram
360 3222 388 3274 et
409 3212 500 3272 furias
522 3210 618 3273 Aiacis
641 3210 737 3273 Oilei?

57 3307 120 3387 ipsa
142 3303 217 3364 lovis
239 3300 373 3380 rapidum
395 3297 518 3359 iaculata
542 3316 557 3357 e
580 3296 710 3358 nubibus
732 3297 830 3377 ignem

56 3391 229 3468 disiecitque
252 3395 329 3447 rates
351 3383 513 3462 evertitque
536 3400 662 3461 aequora
684 3381 793 3452 ventis,

58 3479 140 3540 illum
163 3471 358 3552 exspirantem
381 3470 522 3530 transfixo
544 3475 665 3547 pectore
687 3467 817 3527 dammas

146 3645 284 3700 Buconica
297 3641 366 3691 luera
384 3636 451 3690 coni.
471 3634 620 3701 Scioppius,
644 3633 767 3686 Paradox.
785 3634 891 3687 litterar.
912 3637 985 3698 1628,
1005 3638 1047 3689 24.
1080 3642 1133 3688 eri-

58 3719 129 3768 mina
153 3715 224 3766 laesa
247 3714 306 3778 post
327 3705 450 3774 lleynium
476 3702 575 3782 Peerllq
673 3706 701 3755 11
727 3702 840 3770 oompul.
864 3702 938 3754 Bihr.
966 3705 1044 3767 1884,
1071 3706 1132 3758 391.

58 3783 229 3918 {aalide
249 3780 356 3898 'llil‘
366 3771 601 3895 58111111·
611 3769 664 3891 ¹⁴14
673 3773 798 3905 titt,
815 3770 918 3890 pall?
930 3771 1133 3908 :alodibus

59 3923 111 3978 del.
129 3921 168 3974 Tr.
182 3916 269 3971 Scbbll
286 3911 359 3967 thl.
379 3912 452 3975 1886,
472 3909 512 3962 18.
