2286 4394
450 240 611 294 nuhmuos
629 239 688 295 Lm.
706 241 724 295 1.

44 412 148 474 matris
170 412 319 473 Acidaliae
341 412 481 491 paulatim
503 412 623 474 abolere
647 413 809 492 Sychaeum

47 498 152 578 incipit
175 506 205 559 et
227 498 291 558 vivo
313 506 438 577 temptat
458 507 643 578 praevertere
666 516 767 559 amore

49 584 103 644 iam
125 583 243 664 pridem
266 582 379 644 resides
400 584 514 645 animos
536 584 716 661 desuetaque
739 585 837 645 corda.

131 668 295 746 Postquam
316 668 411 748 prima
433 669 517 747 quies
539 669 634 747 epulis
656 687 835 748 mensaeque
857 680 1004 750 remotae,

52 761 177 815 crateras
198 771 325 831 magnos
346 761 481 814 statuunt
503 762 532 815 et
554 754 620 814 vina
643 764 799 815 coronant.

53 839 84 899 ht
102 839 245 917 strepitus
267 838 352 899 tectis
373 856 535 916 vocemque
558 839 728 918 perampla
750 840 883 902 volutant
1081 852 1124 904 775

56 924 138 997 atria;
161 923 335 1003 dependent
355 923 455 1002 lychni
476 923 663 1002 laquearibus
685 924 783 986 aureis

55 1008 167 1070 incensi
189 1016 220 1069 et
241 1017 360 1069 noctem
382 1008 507 1069 dammis
528 1008 638 1069 funalia
661 1009 794 1070 vincunt.

55 1093 99 1154 hic
120 1093 224 1171 regina
246 1110 366 1173 gravem
387 1094 511 1172 gemmis
532 1112 664 1171 auroque
687 1095 826 1173 poposcit

57 1179 241 1258 implevitque
263 1196 347 1239 mero
370 1188 519 1257 pateram,
543 1197 630 1258 qnam
654 1179 742 1240 Belus
765 1189 794 1241 et
816 1198 920 1242 omnes

58 1281 72 1323 a
90 1263 159 1326 Relo
181 1263 278 1337 soliti;
300 1273 363 1324 tum
385 1264 461 1324 lacta
483 1264 598 1325 silentia
621 1264 724 1325 tectis:
1081 1277 1124 1328 750

56 1342 210 1429 luppiter,
234 1346 401 1428 hospitibus
424 1367 491 1409 nam
513 1358 543 1409 te
565 1348 634 1409 dare
657 1349 720 1409 iura
743 1349 919 1428 loquuntur,

58 1433 132 1496 hunc
155 1434 265 1494 laetum
286 1433 441 1513 Tyriisque
464 1434 542 1494 diem
564 1433 712 1512 Troiaque
733 1436 875 1513 proiectis

60 1537 116 1581 esse
137 1518 209 1580 velis
232 1525 410 1597 nostrosque
432 1518 520 1580 huius
541 1519 712 1580 meminisse
733 1519 874 1582 minores.

60 1605 126 1666 adsit
146 1604 274 1665 laetitiae
296 1604 431 1665 Bacchus
453 1605 538 1665 dator
561 1613 590 1664 et
611 1603 689 1665 bona
711 1605 803 1679 luno;

60 1699 85 1750 et
102 1709 169 1763 vos,
193 1707 227 1762 o,
251 1699 384 1762 coetum,
408 1689 503 1769 Tyrii,
527 1688 673 1750 celebrate
696 1679 849 1751 faventes?

60 1774 124 1836 dixit
145 1784 174 1835 et
196 1775 227 1834 in
250 1792 382 1835 mensam
405 1774 524 1835 laticum
548 1773 648 1835 libavit
668 1775 814 1836 honorem

59 1861 205 1940 primaque
226 1859 317 1920 libato
340 1877 455 1920 summo
478 1866 566 1920 tenus
588 1860 683 1938 attigit
705 1878 773 1935 ore;

60 1953 115 2006 tum
136 1944 229 2005 Bitiae
252 1943 332 2004 dedit
353 1943 550 2024 increpitans3
574 1945 621 2005 ille
644 1945 770 2024 impiger
792 1945 890 2005 hausit

60 2037 239 2110 spumantem
261 2037 391 2109 pateram
415 2038 445 2090 et
466 2029 555 2109 pleno
578 2048 609 2091 se
633 2029 743 2108 proluit
763 2047 851 2103 auro,

59 2124 119 2194 post
141 2114 189 2176 alii
212 2131 361 2194 proceres.
405 2115 515 2175 cithara
537 2115 663 2175 crinitus
684 2113 770 2193 lopas

57 2209 195 2279 personat
215 2207 331 2271 aurata,
354 2200 455 2261 docuit
476 2217 562 2278 quem
585 2199 730 2260 maximus
751 2198 840 2259 Atlas.

56 2285 101 2346 hic
123 2285 204 2347 canit
226 2292 374 2345 errantem
397 2284 497 2346 lunam
520 2284 648 2362 solisque
670 2282 802 2357 labores,

57 2372 132 2432 unde
155 2370 311 2431 hominum
333 2387 428 2448 genus
451 2379 480 2430 et
502 2369 644 2448 pecudes,
667 2369 747 2430 unde
768 2368 863 2429 imber
885 2377 914 2430 et
936 2369 1035 2448 ignes,

56 2459 214 2518 Arcturum
235 2455 408 2533 pluviasque
430 2454 546 2534 Hyadas
567 2456 761 2533 geminosque
784 2455 925 2528 Triones

57 2541 123 2620 quid
145 2548 263 2600 tantum
287 2539 406 2600 Oceano
429 2549 593 2618 properent
614 2557 645 2600 se
667 2540 803 2620 tinguere
826 2540 902 2602 soles
1084 2549 1127 2602 745

56 2626 187 2699 hiberni,
210 2624 256 2684 vel
279 2643 352 2703 quae
376 2625 466 2686 tardis
488 2642 570 2684 mora
592 2624 730 2686 noctibus
753 2624 859 2686 obstet.

56 2710 240 2791 ingeminant
261 2710 366 2788 plausu
389 2709 469 2790 Tyrii
491 2709 643 2788 Troesque
665 2719 841 2788 sequuntur.

57 2815 195 2857 necnon
219 2802 247 2855 et
268 2795 347 2855 vario
370 2803 489 2856 noctem
512 2813 650 2856 sermone
671 2794 806 2856 trahebat

56 2881 155 2943 infelix
177 2879 252 2940 Dido
275 2879 458 2959 longumque
480 2879 600 2941 bibebat
622 2898 752 2941 amorem

56 2967 144 3027 multa
166 2983 258 3043 super
280 2965 396 3026 Priamo
419 2965 567 3043 rogitans,
591 2983 682 3043 super
703 2964 831 3025 Hectore
853 2965 960 3040 multa,
1085 2972 1128 3023 757

56 3070 152 3122 nunc,
176 3047 285 3128 quibus
307 3052 438 3111 Aurorae
460 3051 588 3111 venisset
610 3050 686 3112 filius
708 3049 812 3122 armis,

56 3155 154 3210 nunc,
177 3134 280 3213 quales
302 3136 451 3196 Diomedis
473 3136 556 3214 equi,
580 3153 676 3209 nunc,
700 3145 828 3213 quantus
850 3134 986 3196 Achilles.

55 3213 155 3282 ‘immo
179 3237 234 3298 age
259 3227 287 3280 et
311 3239 328 3280 a
350 3221 444 3299 prima
468 3221 529 3292 dic,
553 3221 676 3299 hospes,
700 3220 814 3300 origine
837 3219 924 3281 nobis

55 3295 186 3369 insidias²
213 3305 311 3383 inquit
329 3297 476 3366 ‘Danaum
498 3323 642 3384 casusque
664 3316 785 3366 tuorum

56 3409 233 3469 erroresque
255 3398 339 3464 tuos;
362 3409 431 3451 nam
453 3401 482 3451 te
505 3391 561 3451 iam
584 3391 706 3469 septima
728 3398 827 3471 portat
1086 3397 1129 3449 755

54 3476 195 3539 omnibus
218 3483 368 3536 errantem
389 3475 475 3536 terris
498 3484 527 3536 et
548 3475 686 3536 fluctibus
709 3466 823 3537 aestas'

51 3625 372 3692 daemomonum.
435 3629 480 3678 721
499 3631 652 3692 pervertere
666 3625 746 3677 Gebb.
807 3627 856 3678 725
874 3623 915 3684 fit]
933 3619 992 3671 -P
1015 3623 1039 3672 it
1053 3619 1130 3690 y¹b²x

52 3696 125 3751 Serv,
144 3694 220 3748 Ribb.
288 3695 427 3761 perampla
444 3693 509 3746 Jort.
528 3697 586 3747 464.
662 3695 712 3746 726
730 3695 834 3760 lychini
850 3689 924 3741 Ribh.
995 3691 1041 3740 747
1062 3705 1131 3755 qnae

69 3765 81 3797 ¹
96 3764 171 3818 Serv.
260 3765 310 3816 744
328 3764 370 3826 (=
387 3761 488 3827 111516)
507 3762 590 3813 damn.
608 3761 678 3812 Albr.
697 3764 754 3813 426.
841 3761 889 3811 747
904 3756 1031 3822 placerem
1048 3757 1131 3810 schol.

49 3785 149 3888 lncani
167 3831 248 3885 1133.
313 3830 406 3896 755756
424 3846 486 3880 nam
499 3866 505 3881 .
516 3866 539 3882 ..
555 3834 641 3881 aestas
658 3829 719 3880 secl.
732 3826 805 3891 hob„
823 3825 869 3877 sed
887 3824 918 3878 cl.
933 3823 979 3877 (lv.
991 3824 1045 3880 her.
1056 3829 1079 3892 7,
1089 3827 1130 3879 86.
