2474 4388
418 211 582 264 mullos
598 213 658 266 ΠΒ.
670 212 732 264 l'hl.

10 403 116 464 quam
140 403 213 446 cum
233 385 399 463 sanguineo
419 385 556 462 sequitur
576 383 698 443 Bellona
719 386 843 464 flagello.

10 470 131 532 Actius
155 470 229 530 haec
251 487 382 530 cernens
403 487 504 529 arcum
527 467 700 528 intendebat
722 470 829 548 Apollo

10 556 175 634 desuper:
200 555 297 615 omnis
317 573 354 615 ec
376 563 493 614 terrore
514 554 665 632 Aegyptus
686 567 715 613 et
737 555 816 625 indi,

12 640 128 701 omnis
151 638 262 712 Arabs,
284 657 389 699 omnes
408 637 563 699 vertebant
584 648 668 717 terga
689 638 803 699 Sabaei.

14 725 92 804 ipsa
114 723 272 785 videbatur
291 723 388 784 ventis
409 724 514 800 regina
533 723 645 783 vocatis

15 809 93 870 vela
116 808 189 869 dare
211 817 241 869 et
261 808 344 869 laxos
364 808 422 867 iam
443 808 561 885 iamque
582 808 741 868 immittere
762 807 858 868 lunis:

16 894 109 954 illam
132 893 214 954 inter
234 892 339 954 caedes
360 893 521 971 pallentem
542 902 639 952 morte
661 894 761 952 lutura

17 980 144 1039 fecerat
165 977 341 1056 Ignipotens
363 977 450 1037 undh
471 986 502 1037 et
522 976 630 1056 iapyge
651 977 739 1048 ferri,

22 1070 139 1125 contra
162 1070 261 1123 autem
282 1079 392 1140 magno
413 1071 597 1122 maerentem
619 1079 747 1140 corpore
769 1060 870 1121 {iilum

22 1147 274 1227 pandentemque
296 1146 382 1208 sinus
402 1155 433 1206 et
454 1154 516 1207 tcta
537 1155 618 1206 roste
639 1155 794 1206 vocantem

25 1232 202 1294 caeruleum
224 1232 256 1293 in
277 1231 424 1310 gremium
445 1229 653 1308 latebrosaque
675 1230 797 1291 humina
818 1231 921 1292 notos.
944 1264 985 1274 -

30 1328 60 1378 at
83 1317 193 1378 Caesar
212 1316 322 1396 triplici
343 1317 478 1377 invectus
500 1316 633 1376 Romana
653 1315 806 1394 triumpho

28 1401 152 1462 moenia
173 1401 218 1462 dis
238 1400 320 1462 Italis
339 1409 442 1462 votnm
463 1400 629 1460 immortale
650 1399 799 1474 sacrabat,

29 1486 159 1547 maxima
183 1494 228 1547 ter
249 1493 371 1547 centnm
392 1493 484 1546 totam
506 1484 630 1546 delubra
650 1503 707 1565 per
727 1484 842 1547 mbem.

29 1571 144 1633 laetitia
164 1570 302 1649 ludisque
323 1571 386 1631 viae
406 1570 574 1649 plausuque
595 1569 777 1642 fremeban13

34 1654 175 1717 omnibus
196 1655 229 1716 in
251 1656 369 1735 templis
390 1663 517 1716 matrum
539 1655 666 1728 choms,
689 1654 830 1716 omnibns
852 1673 934 1728 arae;

34 1749 103 1803 ante
124 1758 191 1802 aras
211 1747 322 1801 terram
343 1740 421 1802 caesi
443 1747 573 1801 stravere
594 1739 721 1800 iuvenci.

34 1825 97 1904 ipse
119 1826 227 1886 sedens
250 1825 335 1885 niveo
357 1824 512 1886 candentis
532 1825 634 1885 limine
656 1822 767 1884 Phoebi

34 1910 113 1970 dona
134 1909 324 1987 recognoscit
344 1910 526 1989 populorum
549 1918 690 1988 aptatque
711 1907 849 1987 superbis

33 1993 185 2075 postibcs;
208 1994 353 2055 incedunt
372 1995 468 2056 victae
488 1994 579 2073 longo
602 1993 708 2055 ordine
728 2001 833 2072 gentes

34 2096 123 2158 quam
144 2079 240 2139 variae
261 2078 371 2158 linguis
391 2079 494 2140 habitu
515 2086 576 2138 tam
594 2077 685 2139 <vestis
707 2086 737 2138 et
757 2077 862 2138 armis:

32 2164 81 2225 hic
102 2162 268 2224 Nomadum
290 2180 385 2243 genus
407 2171 437 2225 et
458 2162 618 2225 discinctos
639 2161 784 2223 Mulciber
806 2162 907 2236 Afros,

32 2248 82 2310 hic
105 2248 229 2326 Lelegas
250 2247 397 2327 Carasque
418 2248 655 2327 sagittiferosque
677 2247 807 2308 Gelonos

33 2335 177 2407 finxerat,
199 2331 365 2413 Euphrates
385 2332 448 2395 ibat
469 2334 526 2394 iam
548 2333 666 2394 mollior
687 2333 791 2403 undis,

34 2418 218 2497 extremique
239 2418 393 2479 hominum
415 2418 525 2479 blorini
547 2417 729 2496 Rhenusque
752 2416 898 2489 bicornis,

33 2502 230 2581 indomitique
251 2502 350 2564 Dahae
371 2511 402 2564 ct
423 2510 546 2583 pontem
568 2502 739 2582 indignatus
761 2502 879 2563 Araxes.

120 2587 201 2649 Talia
224 2605 279 2667 per
300 2587 428 2667 clipeum
450 2587 590 2659 Volcani,
612 2586 690 2648 dona
711 2588 864 2667 parentis,

35 2673 160 2734 miratur
181 2690 342 2751 rerumque
362 2672 483 2751 ignarus
505 2672 633 2752 imagine
654 2673 762 2752 gaudet
1067 2677 1110 2729 730

34 2757 172 2818 attollens
193 2774 297 2818 umero
319 2759 485 2836 famamque
507 2766 537 2818 et
558 2757 618 2818 lata
639 2765 792 2836 nepotum.

10 2923 15 2961 ἶ
121 2943 172 2993 704
189 2938 349 2992 tendabotP
385 2939 450 2992 ttbb.
537 2942 587 2994 719
605 2943 667 2991 ante
684 2939 757 3003 oras]
775 2938 898 2989 ardema
915 2939 1030 3002 postpos.
1048 2933 1108 2987 dist.

35 3007 136 3061 Peerlh.
208 3011 257 3062 trs
274 2958 403 3092 Ιξίπςῇὴ
472 3011 522 3062 725
541 3010 603 3060 bine
615 3007 685 3077 Pybe
754 3007 803 3059 721
821 3003 897 3067 sacta
915 3005 979 3056 e²ear
992 3002 1062 3055 Serv.
1074 3001 1108 3068 pl.

36 3082 118 3128 tolum
135 3091 161 3129 v.
181 3080 272 3128 notant
298 3080 379 3129 crrlrct
405 3092 445 3145 ap.
464 3075 536 3129 Serv.
555 3076 599 3143 pl.‚
616 3075 678 3130 secl.
697 3073 767 3127 Bms.
