2286 4394
553 845 618 939 ΙΙ.

82 1012 183 1066 Aeneas
200 1027 281 1080 panca
299 1012 429 1080 praelatus
448 1040 478 1050 -
499 1013 529 1064 13
546 1010 579 1063 de
597 1009 696 1062 excidio
714 1010 807 1063 Troiae
825 1019 911 1065 narrat
928 1013 1000 1067 haec.
1103 1033 1124 1083 Ξ

47 1080 168 1134 Discessu
180 1080 332 1134 Graecorum
344 1080 406 1133 laeti
418 1079 522 1132 Troiani
540 1079 603 1132 loris
620 1079 754 1131 inveniunt
764 1093 860 1147 equum
870 1080 992 1148 ligneum.
1012 1111 1046 1120 -
1056 1085 1089 1137 56
1103 1086 1123 1127 2

48 1148 128 1202 Sinon
147 1149 264 1216 captivus
280 1163 384 1201 suorum
401 1163 430 1201 se
448 1147 554 1200 iusidias
572 1161 648 1213 aeqre
666 1145 787 1213 effugisse
805 1147 910 1200 simulat
1040 1131 1120 1205 144!

166 1231 311 1283 equumque
328 1214 459 1268 Minervae
476 1213 508 1267 (le
525 1220 599 1283 rapto
617 1212 732 1267 Palladio
746 1215 826 1268 iratae
844 1232 902 1269 esse
919 1223 1018 1272 votum.
1039 1221 1123 1282 198&

46 1283 174 1350 Laocoon,
187 1300 244 1336 cum
257 1282 370 1336 iraudem
384 1283 467 1336 caveri
480 1284 603 1348 iussisset,
616 1284 771 1349 serpentium
783 1299 870 1337 morsu
883 1285 1016 1350 occiditur,
1038 1290 1088 1342 227
1102 1285 1117 1338 8

97 1353 157 1420 equi
174 1352 257 1404 moles
274 1367 373 1405 summo
391 1353 485 1405 civium
503 1351 589 1404 studio
606 1351 762 1418 pertrahitur
778 1352 804 1404 in
822 1367 916 1406 arcem.
1038 1341 1119 1417 249}

46 1505 130 1559 Noctu
142 1505 232 1558 Graeci
248 1505 356 1558 redeunt
368 1506 505 1574 sociosque
523 1520 554 1557 ex
566 1505 626 1573 equi
637 1510 711 1556 uteru
729 1519 847 1585 egressos
858 1507 1024 1562 conveniunt.
1037 1511 1085 1564 26'l
1101 1471 1122 1564 Ξ

44 1573 146 1627 Aeneas
163 1589 210 1693 parer
226 1588 343 1626 somnum
361 1574 394 1626 ab
411 1573 519 1626 Hectore
536 1579 643 1641 penates
660 1587 763 1625 servare
780 1588 865 1626 russos
883 1575 978 1642 surgit3
1038 1567 1117 1636 317}

183 1657 198 1694 e
215 1641 329 1708 periculo
346 1642 418 1695 urbis
435 1642 528 1695 certior
545 1641 628 1693 lactus
646 1655 747 1693 manum
765 1642 836 1708 cogit
852 1657 965 1707 suornm,
1037 1649 1121 1716 3692

165 1711 317 1778 quibuscum
335 1710 436 1763 fortiter
452 1725 482 1762 ac
499 1715 602 1762 versute
614 1723 731 1776 pugnans
748 1708 780 1761 ad
792 1725 876 1763 arcem
893 1712 1018 1767 ascendit.
1037 1717 1121 1768 4623

45 1778 82 1830 ibi
100 1777 166 1830 clam
183 1778 209 1830 iu
227 1780 323 1845 regiam
341 1779 466 1831 succurrit
483 1776 575 1847 Pyrrhi
592 1779 643 1830 iam
660 1778 758 1844 impetn
776 1784 960 1846 oppugnatam,
1036 1768 1121 1843 505}

96 1846 190 1900 trustra
202 1846 234 1900 de
246 1852 316 1899 tecto
325 1852 432 1914 pugnat,
443 1847 554 1914 denique
564 1845 691 1898 Priamum
704 1845 729 1897 in
743 1847 807 1899 atrio
819 1845 930 1900 interfici
942 1847 1023 1902 viriet.
1036 1853 1087 1905 558
1100 1845 1118 1919 ξ

44 1998 133 2054 Venus
141 2001 254 2055 Aeneam
262 2000 374 2055 Helenae
382 2008 491 2055 mortem
500 2001 622 2054 minatum
632 2015 665 2052 ex
673 1999 792 2052 hostibus
801 1998 904 2053 deducit
912 2000 1026 2058 domum.
1036 2007 1087 2062 633
1100 1986 1116 2087 ξ

44 2068 170 2122 Anchises
188 2075 217 2123 ut
235 2071 321 2137 lugam
339 2087 397 2123 cum
417 2072 471 2122 suis
488 2074 599 2137 caperet,
618 2068 661 2119 diu
679 2067 770 2119 trustra
789 2068 940 2135 imploratus
1036 2078 1116 2145 67ος

163 2140 290 2205 portentis
308 2139 420 2191 flectitur
437 2145 464 2191 et
480 2137 575 2190 umeris
593 2135 640 2187 filii
657 2136 683 2187 io
701 2142 803 2189 montes
820 2142 974 2203 asportatur.
1035 2147 1117 2199 7293

44 2205 138 2258 Creusa
155 2207 220 2258 miro
238 2222 299 2258 casu
317 2211 404 2272 erepta
422 2207 523 2258 Aeneas
540 2219 659 2256 reversus
676 2209 849 2270 perscrutetur
864 2206 966 2266 nahem:
1037 2201 1115 2276 7702

94 2279 124 2326 ut
141 2273 173 2324 ab
191 2275 279 2326 umbra
297 2277 384 2326 uxoris
402 2278 509 2325 mortem
527 2271 660 2337 comperit,
678 2271 709 2323 ad
728 2273 813 2326 socios
830 2273 907 2340 lagae
924 2275 999 2332 redit.
1099 2279 1115 2363 ξ

128 2511 305 2574 Conticuere
327 2530 431 2573 omnes
453 2512 621 2592 intentique
644 2531 695 2573 ora
717 2513 869 2576 tenebant.

41 2595 111 2657 inde
133 2604 199 2658 toro
222 2606 307 2678 pater
328 2596 443 2659 Aeneas
465 2598 507 2660 sic
530 2617 615 2660 orsus
638 2598 673 2660 ab
697 2599 769 2660 alto:

37 2673 222 2758 ‘infandum‚
244 2683 362 2761 regina,
385 2682 468 2744 iubes
490 2701 633 2745 renovare
655 2684 802 2757 dolorem,

41 2766 185 2829 Troianas
206 2776 239 2829 ut
261 2786 333 2847 opes
355 2775 384 2828 et
405 2768 594 2831 lamentabile
615 2788 742 2850 regnum

41 2853 175 2915 eruerint
196 2853 304 2928 Danai,
327 2871 462 2933 quaeque
484 2855 548 2934 ipse
569 2855 732 2917 miserrima
754 2854 812 2916 vidi

40 2948 71 3000 et
92 2956 218 3017 quorum
240 2956 310 3019 pars
332 2957 437 3018 magna
460 2941 512 3002 lui.
556 2941 622 3020 quis
644 2940 712 3000 talia
734 2939 823 3001 lando

40 3023 259 3104 Myrmidonum
281 3023 465 3102 Dolopumve
487 3033 538 3086 aut
557 3025 624 3086 duri
646 3024 729 3085 miles
751 3023 826 3085 Ulixi

39 3116 188 3189 temperet
209 3127 225 3170 a
247 3106 397 3170 lacrimis?
420 3119 449 3170 et
471 3109 527 3170 iam
550 3128 609 3170 nox
632 3107 729 3169 umida
752 3108 833 3169 caelo

38 3193 215 3275 praecipitat
235 3195 420 3272 suadentque
442 3194 576 3256 cadentia
599 3192 692 3255 sidera
715 3212 846 3255 somnos.

38 3281 91 3344 sed
112 3280 138 3343 si
159 3287 259 3341 tantus
281 3297 364 3340 amor
385 3296 471 3340 casus
494 3296 675 3359 cognoscere
697 3287 817 3339 nostros

39 3376 69 3428 et
90 3365 217 3428 breviter
238 3364 345 3425 Troiae
365 3382 536 3443 supremum
559 3362 661 3424 andire
682 3361 831 3438 lahorem,

39 3469 217 3531 quamquam
239 3450 354 3511 animus
377 3449 545 3511 meminisse
567 3449 668 3508 horret
690 3446 830 3528 luctuque
853 3450 977 3528 refugit,

38 3556 189 3619 rucrpram.

242 3620 338 3683 Praeti
360 3619 438 3681 hello
460 3619 586 3698 fatisque
609 3617 719 3698 repulsi

126 3779 142 3829 3
160 3779 220 3842 post
238 3774 355 3825 dotorem
374 3776 468 3838 puncto
487 3767 545 3819 dist
565 3766 740 3820 iliokermann
759 3766 841 3820 zGW.
863 3770 935 3832 1852,
954 3773 1017 3833 ab&
1036 3771 1115 3828 Ribb,

37 3845 55 3895 6
72 3840 118 3905 sui
131 3873 162 3881 -
175 3848 234 3909 quia
252 3839 339 3904 Hicin,
356 3837 409 3904 fut,
427 3855 469 3905 qu.
488 3835 562 3887 Ribb.

462 4014 625 4056 ,Α
