2474 4388
446 238 606 292 thurinos
624 240 682 293 LlB.
699 240 741 294 lx.
1063 242 1123 301 185

140 412 260 492 Egressi
282 422 425 493 superant
445 413 538 474 fossas
561 413 717 493 noctisque
737 431 792 493 per
812 414 946 475 umbram

51 508 151 559 eastra
173 496 292 558 inimiea
311 505 433 578 petunt,
456 497 556 560 multis
578 507 678 560 tamen
700 507 769 560 ante
790 499 882 561 laturi
1084 509 1127 561 eto

52 582 155 644 exitio.
199 582 308 661 passim
329 601 435 645 somno
456 583 585 663 vinoque
607 602 662 664 per
683 583 804 645 herbam

53 685 182 747 corpora
204 669 269 729 lusa
291 667 402 743 rident,
425 678 555 729 arreotos
576 667 662 730 litore
683 687 803 743 eurrus,

54 753 136 814 inter
156 752 220 814 lora
240 761 380 832 rotasque
400 753 495 827 viros,
517 753 605 816 simul
625 772 706 815 arma
727 753 840 828 iacere,

54 838 125 899 vina
146 837 242 899 simul.
286 837 369 918 prior
391 837 562 920 Hyrtacides
584 840 626 902 sie
649 858 701 901 ore
722 840 855 902 loeutus:

52 915 210 1004 ‘Euryale‚
233 923 401 985 audendum
423 924 540 1001 dextra3
564 944 645 987 nune
667 925 730 1005 ipsa
751 933 836 986 vocat
856 943 914 986 res.
1086 932 1130 984 am

56 1008 113 1069 hae
135 1008 192 1070 iter
213 1017 267 1070 est.
310 1017 360 1082 tu,
383 1027 421 1069 ne
444 1027 502 1089 qua
522 1027 628 1073 manus
649 1029 681 1072 se
702 1009 837 1071 attollere
860 1009 945 1071 nobis

57 1112 73 1154 a
95 1103 181 1173 tergo
202 1093 309 1174 possit,
332 1093 446 1156 custodi
469 1103 499 1155 et
520 1095 643 1158 consule
664 1094 769 1174 longe;

58 1178 132 1240 haee
154 1197 209 1257 ego
231 1174 311 1241 vasta
331 1178 408 1240 dabo
431 1188 461 1240 et
480 1179 540 1240 lato
562 1189 592 1242 te
613 1180 705 1242 limite
726 1175 856 1242 ducam.²

58 1263 101 1326 sie
124 1273 269 1325 memorat
289 1282 452 1344 vocemque
474 1265 597 1345 premit,
620 1265 707 1327 simul
729 1284 799 1327 ense
821 1264 982 1344 superbum

57 1349 253 1410 Rhamnetem
274 1349 458 1430 adgreditur,
481 1350 532 1430 qui
554 1351 631 1412 lorte
652 1350 799 1430 tapetibus
821 1350 886 1413 altis
1088 1357 1131 1408 tto

58 1442 226 1496 exstructus
246 1443 310 1496 toto
332 1433 477 1515 predabat
497 1444 619 1515 pectore
641 1454 797 1510 somnum,

58 1537 112 1580 rex
133 1519 212 1580 idem
235 1529 264 1581 et
285 1521 348 1600 regi
369 1521 473 1582 Turno
494 1521 676 1599 gratissimus
698 1539 809 1600 augur3

58 1605 112 1666 sed
134 1623 196 1664 non
218 1606 342 1686 augurio
363 1606 462 1685 potuit
482 1605 630 1685 depellere
651 1614 776 1684 pestem.

59 1689 114 1750 tris
135 1689 216 1751 iuxta
236 1691 362 1753 famulos
382 1699 495 1752 temere
517 1691 597 1752 inter
616 1691 674 1753 tela
695 1690 818 1752 iacentis

59 1775 299 1855 armigerumque
320 1775 405 1836 Remi
426 1776 535 1856 premit
556 1777 747 1855 aurigamque
769 1775 823 1837 sub
846 1773 918 1854 ipsis
941 1808 944 1815 ·
1090 1779 1133 1829 330

61 1869 167 1922 nactus
189 1861 273 1940 equis
293 1862 433 1940 ferroque
453 1870 533 1923 secat
555 1861 715 1941 pendentia
737 1861 827 1934 eolla3

60 1954 237 2025 tum³eaput
258 1945 314 2026 ipsi
336 1948 433 2007 aufert
453 1947 574 2008 domino
597 1955 796 2024 truncumque
818 1941 959 2022 relinquit

61 2030 207 2110 sanguine
228 2030 453 2111 singultantem,
476 2039 541 2093 atro
562 2032 707 2111 tepefacta
730 2049 836 2092 eruore

62 2123 142 2176 terra
164 2114 281 2195 torique
303 2116 431 2177 madent.
476 2135 532 2178 neo
555 2136 617 2177 non
639 2118 856 2197 Lamyrumque
879 2115 1061 2190 Lamumque

64 2209 94 2261 et
116 2199 252 2261 iuvenem
274 2201 452 2276 Serranum,
474 2202 520 2264 illa
545 2201 596 2282 qui
617 2202 744 2282 plurima
765 2209 853 2262 noete
1091 2204 1134 2254 3³5

63 2285 190 2359 luserat,
212 2285 337 2366 insignis
359 2287 448 2360 lacie,
469 2287 623 2366 multoque
645 2286 757 2348 iacebat

63 2370 197 2432 membra
219 2371 274 2432 deo
295 2372 403 2448 victae
426 2371 512 2447 felix,
534 2372 559 2434 si
580 2373 718 2452 protinus
738 2372 820 2434 illum

63 2463 219 2534 aequasset
241 2457 322 2518 noeti
343 2456 447 2519 ludum
467 2457 499 2517 in
521 2458 678 2536 lucemque
699 2458 822 2520 tulisset.

64 2541 207 2620 impastus
228 2559 283 2603 eeu
305 2542 394 2621 plena
415 2541 461 2603 leo
484 2561 539 2622 per
561 2543 645 2604 ovilia
665 2542 789 2604 turbans

64 2625 182 2704 (suadet
202 2626 281 2687 enim
303 2646 409 2689 vesana
430 2628 534 2703 fames)
555 2628 727 2708 manditque
748 2627 897 2707 trahitque
1093 2630 1136 2681 340

66 2711 155 2772 molle
176 2729 268 2790 pecus
288 2721 463 2793 mutumque
485 2721 581 2788 metu,
604 2713 702 2774 lremit
724 2732 775 2773 ore
798 2720 932 2774 cruento.
957 2753 964 2768 .
987 2752 995 2768 .

85 2793 96 2813 ”
151 2795 213 2858 Nee
234 2797 332 2859 minor
354 2797 474 2879 Euryali
496 2798 614 2860 caedes:
636 2798 777 2860 incensus
799 2807 829 2858 et
850 2799 913 2876 ipse

64 2880 193 2961 perfurit
213 2900 246 2943 ao
268 2881 391 2944 multam
413 2884 443 2945 in
466 2883 563 2944 medio
585 2883 650 2944 sine
672 2883 794 2943 nomine
815 2882 940 2962 plebem,

66 2965 239 3046 Fadumque
262 2967 487 3048 Herbesumque
508 2967 589 3030 subit
610 2968 817 3046 Rhoetumque
837 2965 1025 3043 Abarimque,

66 3051 202 3131 ignaros,
224 3052 371 3114 Rhoetum
393 3053 562 3132 vigilantem
584 3063 613 3114 et
634 3061 741 3114 eunota
763 3053 926 3126 videntem,
1036 3129 1039 3135 Ι
1095 3055 1137 3105 315

66 3137 119 3198 sed
142 3154 281 3216 magnum
304 3147 439 3200 metuens
461 3157 493 3200 se
514 3147 583 3218 post
604 3147 717 3199 cratera
738 3137 864 3218 tegebat

67 3231 190 3301 pectore
211 3222 242 3282 in
265 3222 386 3286 adverso
408 3232 503 3285 totum
526 3224 574 3286 oui
596 3223 762 3286 comminus
784 3241 886 3286 ensem

66 3306 200 3367 condidit
221 3307 390 3389 adsurgenti
412 3318 442 3370 et
462 3309 553 3371 multa
575 3320 671 3371 morte
693 3309 813 3390 recepit.

65 3408 251 3472 purpuream
271 3393 362 3455 vomit
383 3393 432 3455 ille
452 3394 579 3455 animam
602 3404 631 3455 et
653 3413 720 3455 eum
742 3394 887 3473 sanguine
908 3392 997 3453 mixta

65 3477 134 3537 vina
156 3477 248 3538 relert
268 3474 415 3552 moriens,
438 3479 485 3540 hio
506 3479 586 3541 lur'to
608 3479 737 3541 fervidus
758 3479 858 3541 instat.
1096 3480 1139 3531 3⁶⁰

156 3645 206 3698 ³15
247 3649 335 3709 etant,
357 3645 446 3765 §unde
470 3647 584 3697 illinon
602 3647 719 3697 redituri
736 3647 791 3696 iam
809 3648 898 3696 eastra
915 3645 952 3696 ad
966 3659 1015 3692 aua
1036 3635 1140 3706 erant,)

67 3710 161 3764 mutas
177 3710 206 3766 11.
234 3711 340 3766 ‚lieller
378 3714 582 3778 Mniesutae.
651 3715 700 3766 315
717 3712 810 3765 multia
827 3749 853 3764 ..
867 3713 970 3778 passim
987 3709 1037 3763 316
1055 3707 1139 3758 damu.

67 3778 172 3833 Peerlk.
258 3783 307 3836 330
325 3780 435 3834 demum
458 3781 515 3835 eod.
533 3780 651 3834 Dorvill.²
668 3779 771 3834 Schrad.
821 3796 866 3848 pro
885 3778 959 3831 limat
975 3777 1023 3830 Th.
1040 3773 1139 3828 hlaurer

67 3847 109 3901 11.
125 3849 200 3914 taso,
214 3851 263 3903 199
280 3849 366 3903 iterari
383 3851 439 3904 vult
455 3853 559 3917 premit.
613 3852 664 3903 334
680 3847 848 3916 Narniamque
866 3863 936 3916 prop.
949 3845 1023 3899 Ribb.
1037 3843 1068 3897 ad
1081 3845 1139 3898 454.

68 3918 122 3970 ele
140 3933 157 3968 a
175 3922 260 3970 morte
271 3916 318 3972 lla.
339 3920 412 3984 1881,
423 3922 483 3973 tot.
569 3919 618 3970 ala
632 3933 801 3985 pne-pureum
818 3924 913 3988 puncto
931 3921 1054 3982 transpoe.
1068 3910 1138 3964 Serv.
