2286 4394
462 107 623 162 anunnos
641 109 700 162 ua.
718 110 760 177 ru.

10 238 171 343 heom
192 291 222 343 et
242 281 326 343 laevo
348 280 497 361 dependet
518 299 619 361 parma
640 280 768 357 lacerto;

10 332 258 429 0¹·tsilocbum
280 366 398 447 fugiens
420 384 620 445 magnumque
641 367 748 445 agitata
770 385 825 447 per
846 367 948 429 orbem

10 428 162 513 eludit
182 470 255 532 gyro
278 451 404 513 interior
423 451 619 530 sequiturque
641 462 831 531 sequentem;

10 510 134 597 t¹¹11]
153 537 278 598 validam
299 553 414 617 perque
435 553 516 596 arma
537 537 601 597 viro
622 554 737 615 perque
759 556 824 598 ossa
847 539 974 600 securim

19 604 156 683 *Iuor
177 639 343 700 exsurgens
365 621 463 682 oranti
484 629 514 682 et
535 620 626 682 multa
649 622 783 701 precanti

15 704 275 788 'mogontinae
304 706 411 767 volnus
433 705 528 766 calido
550 706 626 785 rigat
648 724 699 767 ora
722 706 856 768 cerebro.

154 790 263 853 incidit
284 791 355 852 huic
376 789 536 870 subitoque
557 799 677 870 aspectu
699 792 820 853 territus
842 792 936 854 haesit

44 862 326 959 Appenninicolae
348 875 474 937 bellator
495 875 574 937 filins
595 875 689 947 huni,

46 946 145 1050 baud
167 961 313 1041 Ligurum
335 970 500 1036 extremus,
523 960 593 1020 dum
616 959 717 1021 fallere
739 960 796 1020 fata
818 961 966 1024 sinebant,

57 1056 168 1129 uque,
191 1045 244 1109 ubi
265 1065 297 1108 se
319 1044 402 1107 nullo
424 1046 482 1106 iam
505 1064 595 1107 cursu
617 1044 739 1106 evadere
761 1064 879 1125 pugnae

65 1142 157 1209 posse
180 1149 279 1210 noque
301 1131 461 1192 instantem
483 1130 617 1209 reginam
639 1138 770 1191 avertere
793 1131 903 1205 cernit,

70 1216 195 1280 consilio
217 1234 334 1279 versare
356 1215 440 1278 dolos
460 1215 613 1294 ingressus
635 1223 665 1276 et
685 1224 767 1289 astu,

72 1298 176 1382 incipit
196 1302 285 1363 haec:
310 1295 395 1380 ‘quid
416 1309 477 1362 tam
499 1301 665 1380 egregium,
687 1300 711 1362 si
735 1301 842 1361 femina
865 1301 934 1361 forti

71 1386 134 1450 lldis
157 1384 259 1466 equo?
287 1385 400 1447 dimitte
423 1387 522 1466 fugam
545 1393 575 1446 et
596 1394 625 1445 te
648 1387 814 1447 comminus
836 1403 930 1465 aequo

70 1488 190 1533 mecum
212 1469 300 1532 crode
322 1471 386 1532 solo
409 1488 587 1550 pugnaeque
610 1470 732 1548 accinge
753 1470 897 1549 pedestri:

71 1556 126 1619 lam
150 1574 274 1629 nosces,
294 1564 416 1617 ventosa
437 1556 513 1617 ferat
533 1555 582 1616 cui
604 1555 696 1633 gloria
718 1547 875 1614 fraudem'

69 1641 158 1714 dixit,
180 1649 211 1701 at
231 1640 280 1701 illa
301 1642 405 1701 furens
426 1641 546 1719 acrique
568 1657 692 1701 accensa
714 1638 817 1699 dolore

66 1725 158 1788 tradit
179 1743 289 1804 equum
312 1724 413 1786 comiti
433 1724 614 1804 paribusque
636 1724 746 1786 resistit
767 1723 798 1784 in
821 1722 926 1797 armis,

68 1829 142 1873 cnse
164 1810 257 1890 pedes
279 1809 359 1871 nudo
381 1828 516 1889 puraque
539 1809 673 1870 interrita
694 1826 805 1888 parma.

66 1905 97 1957 at
119 1894 237 1957 iuvenis
257 1894 361 1956 vicisse
383 1893 451 1956 dolo
473 1903 554 1956 ratus
576 1894 670 1955 avolat
692 1894 754 1973 ipse

67 1981 163 2060 (baud
184 1981 280 2056 mora)
301 1979 512 2059 conversisque
534 1979 623 2057 fugax
644 1980 778 2040 aufertur
799 1976 921 2039 habenis

67 2064 353 2145 quadrupedemque
375 2064 467 2126 citum
490 2066 596 2125 ferrata
619 2064 699 2125 calce
721 2064 830 2143 fatigat.

62 2145 155 2212 ‘vane
177 2149 269 2230 Ligus
289 2150 459 2228 fnrstraque
480 2149 585 2210 animis
607 2149 682 2210 elate
703 2147 855 2228 superbis,

67 2235 253 2316 nequiquam
274 2234 384 2314 patrias
405 2234 553 2315 temptasti
574 2233 708 2295 lubricus
729 2232 815 2307 artis,

47 2339 128 2383 nec
151 2321 232 2382 fraus
253 2329 283 2381 te
304 2319 486 2381 incolumem
508 2318 602 2380 fallaci
624 2320 754 2399 perferet
775 2306 884 2379 huno.³

68 2406 145 2468 baec
165 2406 246 2467 fatur
265 2404 348 2484 virgo
371 2413 401 2466 et
421 2403 594 2485 pernicibus
616 2405 704 2482 ignea
725 2403 834 2484 plantis

66 2491 179 2553 transit
199 2508 309 2570 equum
332 2507 421 2552 cursu
442 2490 594 2569 frenisque
616 2490 736 2552 adversa
758 2487 914 2570 prehensis

68 2574 263 2656 congreditur
284 2592 457 2654 poenasque
478 2574 599 2636 inimico
621 2594 656 2637 ex
679 2575 824 2655 sanguine
845 2572 951 2646 sumit,

68 2678 162 2741 quam
183 2659 269 2721 facile
290 2659 430 2740 accipiter
452 2679 522 2722 saxo
545 2677 629 2721 sacer
650 2660 709 2721 ales
731 2659 767 2720 ab
790 2659 848 2719 alto

68 2745 267 2824 consequitur
287 2745 389 2825 pinnis
410 2743 567 2807 sublimem
589 2745 620 2806 in
643 2744 724 2805 nube
746 2741 913 2804 columbam

68 2847 339 2910 comprensamque
360 2838 445 2891 tenet
464 2829 649 2911 pedibusque
671 2829 814 2890 eviscerat
835 2825 937 2899 uncis;

67 2925 132 2978 tum
156 2933 247 2976 cruor
268 2923 298 2976 et
318 2914 417 2976 volsae
438 2915 579 2977 labuntur
601 2913 637 2974 ab
660 2913 779 2974 aethere
800 2909 927 2991 plumae.

158 3002 195 3061 tt
216 3018 278 3061 nnn
301 3000 375 3062 haec
396 2999 486 3062 nullis
506 2999 662 3061 bominum
685 3007 766 3060 sator
787 3004 875 3075 atque
898 2996 1022 3057 deorum
1137 3014 1143 3045 ε

69 3085 234 3148 observans
256 3084 350 3147 oculis
371 3103 487 3147 summo
509 3085 591 3146 sedet
611 3083 688 3146 altus
711 3082 852 3163 Olympo:

69 3171 260 3253 Tyrrhenum
282 3169 401 3250 genitor
422 3170 607 3232 Tarchonem
630 3169 662 3230 in
685 3168 797 3249 proelia
819 3184 901 3228 saeva

69 3255 194 3319 suscitat
213 3263 246 3317 et
264 3254 392 3317 stimulis
413 3255 490 3316 baud
512 3254 651 3315 mollibus
673 3254 757 3315 inicit
778 3254 846 3314 iras.

70 3359 143 3422 ergo
165 3340 245 3402 inter
266 3340 371 3403 caedes
392 3339 586 3419 cedentiaque
608 3338 725 3418 agmina
748 3336 884 3398 Tarchon

69 3428 167 3488 fertur
189 3443 267 3505 equo
288 3425 433 3504 variisque
454 3425 575 3504 instigat
595 3422 718 3484 vocibus
740 3421 800 3482 alas

70 3511 195 3573 nomine
217 3528 366 3590 quemque
387 3528 497 3572 vocans
519 3508 672 3587 reficitque
693 3507 724 3568 in
748 3505 859 3586 proelia
882 3501 999 3584 pulsos:

156 3663 208 3715 'de
227 3661 334 3712 laudem
345 3657 480 3713 fd²P²c¹n¹
491 3659 535 3724 (cf.
544 3657 627 3723 Serv.)
635 3656 727 3723 Wagn.
762 3653 830 3707 idem
842 3653 868 3705 in
879 3671 897 3720 7
910 3665 967 3703 esse
978 3651 1052 3716 putat
1064 3646 1138 3701 Ribb.

70 3734 163 3784 conus
179 3728 265 3782 lleins.
280 3743 397 3795 poenam
413 3734 443 3780 ut
459 3729 520 3792 ing
617 3729 666 3779 728
684 3727 765 3776 inicit
782 3722 842 3774 licor
876 3722 975 3771 incitat
991 3715 1073 3788 bleb
1107 3718 1137 3766 in

70 3801 142 3851 cum
159 3797 247 3851 lleins.
263 3795 340 3851 Ribb,
945 3853 997 3908 16*
