2474 4388
111 224 151 282 92
482 226 510 279 Ρ.
521 225 649 280 VERGlbl
664 225 812 281 Mnachis

108 399 251 461 victorem
274 416 381 478 magna
402 398 559 477 praeconis
580 417 652 459 voce
675 398 851 461 Cloanthum

110 483 237 544 declarat
259 483 403 561 viridique
425 483 537 544 advelat
557 491 691 564 tempora
713 484 797 546 lauro

111 585 293 646 muneraque
315 567 346 628 in
370 568 450 629 navis
472 576 575 629 ternos
597 576 700 647 optare
722 569 862 630 iuvencos

87 731 89 735 Α
109 654 236 732 vinaque
259 659 288 713 et
309 652 424 732 argenti
446 671 586 732 magnum
609 654 659 714 dat
680 654 759 714 serre
781 653 935 715 talentum.

110 739 181 819 ipsis
202 736 379 818 praecipuos
401 737 575 799 ductoribus
598 739 678 799 addit
700 739 845 800 bonores:

110 823 214 884 victori
237 822 419 903 chlamydem
441 831 589 896 auratam,
613 823 848 902 quamplurima
870 823 986 885 circum

109 926 243 989 purpura
264 907 423 968 Maeandro
447 907 556 986 duplici
580 907 723 968 Meliboea
744 908 891 984 cucurrit,

110 995 300 1072 intextusque
322 1010 398 1073 puer
419 993 561 1054 frondosa
582 993 683 1071 regius
704 992 755 1054 lda

109 1079 218 1140 velocis
240 1078 335 1140 iaculo
359 1094 461 1138 cervos
484 1095 633 1156 cursuque
656 1077 772 1157 fatigat,

110 1182 194 1239 acer,
218 1162 368 1224 anhelanti
391 1162 511 1237 similis,
535 1181 623 1242 quem
647 1181 772 1243 praepes
794 1160 830 1222 ab
852 1161 903 1222 lda

110 1248 265 1310 sublimem
288 1245 413 1327 pedibus
435 1248 534 1326 rapuit
555 1247 632 1308 lovis
653 1248 784 1327 armiger
805 1247 907 1322 uncis;

110 1332 246 1411 longaevi
266 1333 377 1413 palmas
400 1332 580 1411 nequiquam
603 1331 639 1392 ad
662 1333 757 1394 sidera
778 1331 907 1392 tendunt

111 1417 248 1479 custodes
269 1416 420 1495 saevitque
442 1435 549 1478 canum
572 1417 694 1478 latratus
715 1417 745 1478 in
770 1435 865 1478 auras.

111 1511 141 1562 at
162 1501 214 1582 qui
237 1502 343 1563 deinde
364 1501 464 1563 locum
485 1501 582 1562 tenuit
602 1502 709 1563 virtute
732 1501 913 1575 secundum,

110 1587 222 1648 levibus
243 1586 313 1647 huic
334 1586 428 1648 hamis
450 1594 617 1648 consertam
641 1605 774 1665 auroque
794 1586 920 1648 trilicem

110 1673 249 1746 loricam,
273 1689 361 1750 quam
384 1671 523 1732 Demoleo
547 1672 714 1734 detraxerat
735 1671 799 1751 ipse

110 1757 205 1819 victor
226 1756 304 1836 apud
326 1756 463 1836 rapidum
485 1756 637 1818 Simoenta
659 1756 713 1818 sub
736 1756 789 1818 llio
813 1757 887 1831 alto,

112 1842 202 1903 donat
223 1841 333 1903 babere
354 1841 433 1915 viro,
455 1843 545 1903 decus
568 1850 598 1902 et
619 1849 751 1902 tutamen
774 1841 805 1902 in
828 1839 925 1902 armis.

110 1927 157 1988 vix
180 1927 259 1988 illam
280 1925 381 1987 famuli
403 1927 539 2004 Phegeus
561 1926 736 2006 Sagarisque
759 1925 895 1987 ferebant

111 2012 304 2093 multiplicem
327 2011 426 2073 conixi
448 2011 574 2086 umeris,
597 2011 719 2072 indutus
741 2019 771 2072 at
792 2011 861 2072 olim

111 2098 268 2159 Demoleos
290 2114 381 2158 cursu
403 2096 528 2175 palantis
550 2097 643 2158 Troas
664 2096 779 2176 agebat.

110 2183 194 2244 tertia
218 2184 296 2243 dona
318 2181 388 2242 lacit
408 2182 543 2260 geminos
565 2201 600 2243 ex
624 2199 692 2243 aere
714 2180 825 2242 lebetas

109 2266 283 2349 cymbiaque
306 2274 430 2345 argento
452 2268 583 2345 perlecta
604 2275 693 2345 atque
715 2283 818 2345 aspera
840 2264 942 2345 signis.
984 2293 986 2297 ·

195 2353 317 2430 lamque
339 2351 412 2412 adeo
434 2351 535 2412 donati
557 2369 662 2413 omnes
685 2350 852 2431 opibusque
873 2348 996 2430 superbi

109 2436 248 2498 Puniceis
269 2435 353 2496 ibant
375 2435 482 2496 evincti
505 2444 639 2516 tempora
661 2436 772 2510 laenis,

110 2539 178 2582 cum
202 2538 288 2582 saevo
311 2539 328 2582 e
350 2520 473 2599 scopulo
495 2521 587 2581 multa
607 2521 655 2581 vix
676 2529 740 2582 arte
762 2519 894 2582 revolsus

110 2604 223 2667 amissis
245 2605 335 2667 remis
356 2611 444 2683 atque
467 2605 571 2666 ordine
594 2602 698 2667 debilis
720 2623 782 2666 uno

110 2690 231 2752 inrisam
253 2690 317 2751 sine
338 2689 454 2752 bonore
475 2698 569 2752 ratem
592 2690 749 2769 Sergestus
769 2688 884 2768 agebat.

110 2776 205 2854 qualis
227 2793 314 2855 saepe
336 2775 398 2836 viae
420 2776 586 2856 deprensus
608 2775 639 2836 in
663 2792 770 2855 aggere
792 2791 933 2853 serpens,

110 2878 196 2922 aerea
219 2878 307 2939 quem
330 2859 483 2939 obliquum
505 2869 569 2922 rota
592 2860 699 2921 transit
720 2868 772 2921 aut
792 2859 888 2938 gravis
910 2858 971 2920 ictu

110 2946 290 3007 seminecem
311 2945 398 3024 liquit
419 2965 490 3007 saxo
512 2945 702 3024 lacerumque
723 2944 832 3017 viator3

111 3031 292 3110 nequiquam
313 3031 420 3109 longos
442 3030 560 3110 lugiens
580 3031 629 3091 dat
650 3047 778 3109 corpore
799 3036 896 3090 tortus

109 3124 194 3195 parte
216 3116 300 3176 ferox
322 3115 490 3195 ardensque
513 3115 606 3177 oculis
628 3123 657 3175 et
678 3114 763 3175 sibila
785 3114 859 3176 colla

110 3200 220 3261 arduus
241 3199 379 3261 attollens
386 3216 395 3273 3
417 3218 486 3279 pars
507 3200 628 3261 volnere
649 3199 754 3261 clauda
775 3205 905 3260 retentat

111 3284 263 3346 nixantem
285 3283 371 3345 nodis
393 3303 484 3363 seque
507 3285 539 3346 in
561 3303 615 3347 sua
637 3284 769 3346 membra
791 3283 967 3364 plicantem:

110 3369 160 3430 tali
183 3368 306 3448 remigio
330 3369 411 3431 navis
434 3389 465 3431 se
487 3371 569 3431 tarda
592 3368 743 3444 movebat,
1148 3374 1193 3426 28⁰

110 3452 172 3514 vela
194 3454 265 3515 lacit
284 3462 383 3515 tamen
408 3463 437 3515 et
458 3455 556 3535 plenis
578 3454 659 3516 subit
681 3454 754 3516 ostia
776 3453 855 3514 velis.

110 3539 282 3619 Sergestum
304 3539 419 3601 Aeneas
440 3539 587 3620 promisso
609 3556 734 3601 munere
756 3537 861 3612 donat,

197 3691 246 3742 24¹1
266 3695 360 3808 aptare
377 3689 489 3759 y’bcmxr
508 3688 592 3742 Bentl.
696 3691 746 3742 254
763 3690 795 3739 ab
815 3683 1150 3739 eltoBurm.utlll'121.

111 3758 291 3876 gitaieihrnhit
306 3824 365 3876 libri
378 3823 512 3891 praeterii
577 3827 625 3878 275
642 3827 706 3876 eaesi
718 3823 793 3877 Wak.
849 3825 898 3876 279
915 3825 1060 3874 amantem
1072 3819 1193 3891 avyam

111 3893 161 3944 280
178 3890 330 3962 suebath
400 3894 448 3946 281
469 3893 535 3943 velis
547 3929 554 3944 .
568 3893 672 3960 ‚plenis
689 3892 748 3944 libri
765 3895 866 3959 praeter
877 3889 904 3942 M
947 3906 972 3943 v.
985 3889 1070 3942 damn.
1082 3887 1193 3957 Bryant.

295 3755 381 3810 ebrad.
399 3756 454 3809 Em.
475 3760 532 3810 154.
630 3759 680 3811 262
698 3762 759 3808 ante
778 3758 836 3807 uiro
854 3754 914 3808 dist.
933 3752 1033 3806 Sebrdt.
1054 3754 1130 3817 1875,
1150 3756 1192 3807 16.
