2286 4394
74 221 136 281 252
443 217 473 273 Ρ.
486 215 613 270 vendut
631 215 779 270 MARONIS

74 411 192 464 ensem,
215 410 304 471 quem
327 391 432 452 Dauno
454 390 625 470 ignipotens
647 390 720 451 deus
741 388 807 470 ipse
828 389 945 469 parenti

75 481 184 540 lecerat
205 485 235 538 et
257 476 356 556 Stygia
378 475 554 537 candentem
576 474 705 536 tinxerat
723 474 815 538 unda.

74 563 158 635 erin,
181 578 257 640 quae
278 561 382 623 mediis
403 559 517 640 ingenti
538 558 645 620 adnixa
666 559 825 621 columnae

74 647 196 709 aedibus
217 645 365 720 adstabat,
388 645 509 706 validam
531 645 559 705 vi
581 644 707 722 corripit
727 645 857 718 hastam,

76 732 191 794 Actoris
213 731 347 793 Aurunci
367 730 510 810 spolium,
533 737 710 809 quassatque
732 737 911 791 trementem

76 817 255 879 vociferans:
281 809 392 889 ‘uunc,
416 835 433 875 o
456 832 618 894 numquam
642 815 781 877 frustrata
802 817 971 888 vocatusu

76 904 160 965 basta
182 920 279 976 meos,
304 918 385 962 nuuc
406 908 524 979 tempus
546 900 642 974 adest;
663 907 693 961 te
715 899 861 961 maximus
882 900 986 973 Actor,

78 999 107 1049 te
129 987 223 1048 Turni
247 1005 328 1047 nunc
351 985 451 1047 dextra
473 984 564 1064 gerit;
592 984 628 1045 da
650 993 785 1047 sternere
807 1001 919 1064 corpus

78 1072 259 1150 loricamque
282 1089 371 1132 manu
392 1068 484 1131 valida
507 1069 638 1131 lacerare
659 1069 802 1132 revolsam

78 1157 207 1219 semiviri
228 1156 351 1236 Phrygis
373 1164 404 1216 et
425 1155 542 1215 foedare
564 1154 595 1216 in
618 1153 740 1234 pulvere
762 1153 855 1215 crinis

79 1242 207 1302 vibratos
229 1241 322 1301 calido
346 1241 424 1300 lerro
447 1256 607 1319 murraque
629 1233 799 1301 madentis.³

79 1326 124 1387 bis
147 1326 243 1404 agitur
264 1324 349 1385 furiis
370 1333 493 1402 totoque
516 1323 647 1386 ardentis
668 1323 704 1385 ab
727 1341 779 1385 ore

79 1409 223 1472 scintillae
245 1408 406 1479 absistunt,
430 1408 524 1471 oculis
545 1409 635 1471 micat
656 1408 774 1471 acribus
796 1408 889 1488 ignis,

79 1493 210 1572 mugitus
232 1493 320 1554 veluti
342 1511 409 1554 oum
432 1493 528 1573 prirna
552 1495 581 1555 in
605 1493 717 1575 proelia
738 1501 842 1556 taurus

79 1579 225 1640 terrificos
247 1578 304 1640 ciet
325 1585 413 1657 atque
435 1579 520 1641 irasci
542 1579 574 1640 in
598 1596 710 1641 cornua
730 1586 856 1658 temptat

80 1662 195 1725 arboris
217 1663 344 1725 obnixus
366 1671 474 1724 tmnco
496 1672 661 1743 ventosque
681 1663 799 1726 lacessit

80 1749 188 1810 ictibus
209 1757 259 1810 aut
280 1767 382 1829 sparsa
404 1751 440 1810 ad
462 1767 593 1829 pugnam
615 1748 746 1829 proludit
767 1749 889 1810 harena.

167 1834 228 1896 Nec
250 1835 348 1895 minus
368 1835 481 1895 interea
502 1834 646 1896 maternis
667 1852 770 1896 saevus
791 1833 822 1894 in
845 1832 935 1894 armis

83 1923 197 1981 Aeneas
219 1920 297 1981 acuit
318 1918 441 1980 Martem
464 1928 546 1981 etse
568 1919 690 1980 suscitat
710 1918 754 1979 ira

83 2005 181 2067 oblato
204 2006 335 2085 gaudens
355 2005 496 2084 componi
518 2004 637 2065 loedere
659 2002 780 2065 bellum.

82 2098 146 2151 tum
168 2091 264 2152 socios
285 2089 446 2168 maestique
469 2096 580 2150 metum
602 2088 715 2150 solatur
735 2087 791 2149 luli

83 2176 141 2236 lata
164 2176 274 2237 docens
296 2175 417 2255 regique
439 2173 522 2234 iubet
543 2191 687 2253 responsa
708 2172 813 2233 Latino

84 2271 164 2321 certa
186 2261 298 2321 relerre
320 2261 398 2321 viros
421 2267 451 2320 et
473 2259 552 2339 pacis
574 2258 673 2319 dicere
695 2259 785 2337 leges

170 2344 291 2406 Postera
311 2345 358 2405 vix
380 2363 511 2406 summos
532 2343 690 2424 spargebat
711 2343 823 2403 lumine
844 2340 956 2402 montis

84 2437 148 2489 orta
171 2428 247 2501 dies,
271 2448 339 2489 curn
361 2430 490 2507 primum
513 2431 571 2490 alto
593 2448 625 2491 se
647 2428 763 2509 gurgite
785 2427 896 2489 tollunt

85 2513 162 2573 Solis
185 2514 251 2591 equi
275 2514 432 2591 lucemque
455 2515 538 2576 elatis
561 2514 683 2576 naribus
705 2514 821 2574 elllant:

84 2614 221 2675 campum
244 2597 279 2657 ad
302 2606 451 2658 certarnen
476 2618 600 2679 magnae
622 2598 678 2660 sub
700 2597 857 2660 moenibus
879 2594 965 2657 urbis

85 2682 210 2744 dimensi
232 2682 392 2761 Rutulique
414 2684 468 2745 viri
491 2685 657 2763 Teucrique
680 2683 823 2764 parabant

85 2769 115 2829 in
139 2768 295 2848 medioque
319 2770 400 2831 locos
423 2778 452 2830 et
473 2770 517 2831 dis
539 2769 749 2831 communibus
770 2786 835 2830 aras

85 2854 258 2934 gramineas.
303 2854 350 2915 alii
373 2857 546 2934 fontemque
569 2855 727 2934 ignemque
749 2852 884 2914 larebant

85 2940 170 3001 velati
192 2939 263 3000 limo
286 2950 316 3001 et
336 2940 466 3001 verbena
488 2949 622 3020 tempora
644 2939 744 2999 vincti.

85 3023 220 3102 procedit
241 3025 318 3103 legio
341 3026 524 3088 Ausonidum
547 3026 694 3106 pilataque
717 3022 813 3103 plenis

85 3109 202 3185 agmina
225 3127 255 3168 se
279 3110 408 3169 fundunt
430 3110 540 3189 portis,
562 3111 633 3171 binc
654 3109 763 3169 Troius
786 3107 883 3169 omnis

86 3191 318 3272 Tyrrhenusque
340 3193 401 3252 ruit
420 3195 506 3254 variis
529 3195 675 3256 exereitus
698 3194 801 3267 armis,

86 3274 164 3336 baud
186 3293 271 3337 secus
293 3277 430 3338 instructi
453 3279 546 3351 ferro,
571 3298 658 3358 quam
681 3279 706 3340 si
727 3296 831 3358 aspera
853 3274 954 3336 Martis

86 3378 185 3442 pugna
208 3371 301 3423 vocet.
346 3380 402 3423 nec
426 3382 485 3424 non
510 3365 665 3427 mediisin
690 3363 808 3424 milibus
831 3360 887 3441 ipsi

86 3447 225 3509 ductores
247 3465 320 3508 auro
342 3448 464 3509 volitant
487 3457 628 3528 ostroque
650 3448 786 3528 superbi,

172 3617 204 3667 92
224 3617 346 3667 columna
364 3615 411 3686 yb¹
428 3617 569 3668 Arusianus
587 3619 645 3681 455,
666 3618 705 3668 19.
727 3614 802 3667 Ribb.
821 3613 875 3677 (sed
893 3625 984 3678 pamm
1004 3619 1072 3662 const

86 3682 119 3733 cl.
132 3681 200 3734 Prol.
213 3685 261 3736 208
281 3688 306 3735 et
322 3687 389 3747 336).
459 3686 491 3737 96
509 3701 582 3736 nune
598 3688 637 3750 (t.)
655 3686 718 3735 adea
736 3683 821 3735 Heius.
874 3684 908 3743 ta]
927 3695 982 3730 non
1000 3693 1072 3745 prop.

88 3751 136 3801 102
159 3753 292 3802 exsistunt
310 3750 358 3803 1³³¹
394 3753 524 3803 absiliunt
540 3752 628 3806 Hamb.
647 3753 675 3816 ll,
694 3751 757 3803 Rbb.
844 3751 894 3803 104
911 3751 1002 3813 utque]
1021 3751 1070 3797 aut

88 3818 137 3866 120
161 3818 215 3869 lino
240 3819 297 3871 libri
321 3835 359 3886 pr.
378 3818 443 3870 duos
467 3818 558 3880 Paris.;
583 3821 615 3873 cl.
635 3820 715 3885 Caper
739 3824 765 3872 et
789 3817 905 3885 Hyginus
929 3831 969 3881 ap.
990 3815 1062 3867 Serv.

88 3882 137 3933 124
154 3883 240 3951 [mo]
259 3887 326 3937 bello
344 3886 369 3938 M
457 3889 506 3938 126
523 3890 640 3953 superbe]
658 3888 750 3938 decori
767 3887 826 3938 libri
845 3883 919 3953 pnbl
939 3882 982 3943 tcl.
997 3881 1019 3932 V
1036 3885 1072 3934 13:
