2286 4394
73 208 135 270 272
448 204 476 258 P.
490 203 619 258 VERGlLl
636 202 783 258 MARONIS

75 384 99 445 si
122 379 240 460 quando
264 378 356 440 letum
378 379 551 439 horrificum
574 377 754 456 morbosque
776 376 866 437 deum
891 395 944 439 rex

76 466 212 538 molitur,
235 464 354 525 meritas
376 473 427 524 aut
447 464 525 524 bello
547 463 662 525 territat
683 460 784 524 urbes.

75 553 179 613 harum
203 567 292 611 unam
316 549 440 610 celerem
463 549 579 610 demisit
601 547 637 609 ab
660 548 779 609 aethere
801 566 919 610 summo

77 635 209 716 luppiter
231 636 322 715 inque
340 634 432 696 'omen
456 634 597 695 Iuturnae
620 650 780 694 occurrere
802 633 897 695 iussit.

77 722 124 784 illa
147 721 224 782 volat
245 720 393 799 celerique
416 719 450 780 ad
473 729 583 780 terram
603 718 724 779 turbine
747 717 859 792 fertur;

79 825 140 868 non
163 824 249 867 secus
271 824 304 866 ac
328 823 418 866 nervo
441 823 494 884 per
517 804 627 866 nubem
650 803 775 883 impulsa
798 804 918 883 sagitta,

79 900 218 954 armatam
241 891 319 952 saevi
341 889 467 951 Parthus
490 907 577 968 quam
599 888 665 949 felle
686 887 812 962 veneni,

80 978 207 1038 Parthus
229 977 288 1037 sive
311 975 427 1056 Cydon,
450 975 541 1036 telum
564 973 793 1046 immedicabile,
816 974 919 1049 torsit,

80 1062 209 1125 stridens
231 1070 260 1122 et
282 1060 387 1123 celeris
409 1060 559 1140 incognita
582 1057 710 1121 transilit
732 1059 867 1134 umbras,

81 1147 146 1210 talis
167 1167 199 1209 se
220 1154 281 1208 sata
303 1146 396 1207 Nocte
418 1145 484 1206 tulit
505 1153 657 1223 terrasque
680 1143 792 1223 petivit.
1092 1147 1096 1198 t

166 1233 326 1310 Postquam
349 1231 426 1292 acies
448 1231 525 1291 videt
548 1229 648 1292 lliacas
670 1238 758 1308 atque
780 1228 898 1308 agmina
922 1227 1014 1291 Turni

81 1318 156 1379 alitis
177 1318 208 1377 in
232 1334 337 1396 parvae
359 1315 485 1376 subitam
507 1314 628 1376 collecta
650 1315 790 1394 figuram,

83 1420 158 1481 quae
181 1399 329 1479 quondam
352 1401 382 1461 in
405 1399 499 1461 bustis
521 1409 572 1461 aut
594 1398 772 1462 culminibus
794 1397 919 1460 desertis

83 1494 171 1547 nocte
193 1484 300 1546 sedens
322 1503 419 1546 serum
443 1485 523 1545 canit
546 1485 716 1565 importuna
738 1501 793 1564 per
815 1483 936 1545 umbras
957 1516 998 1528 -

83 1571 160 1631 hanc
182 1588 264 1631 versa
287 1570 444 1630 infaciem
467 1569 562 1631 Turni
584 1589 616 1631 se
639 1570 730 1650 pestis
753 1569 790 1631 ob
814 1587 866 1629 ora

83 1656 199 1735 fertque
222 1656 371 1734 refertque
393 1674 503 1716 sonans
526 1655 713 1735 clipeumque
735 1653 888 1716 everberat
910 1653 972 1716 alis.

84 1740 125 1802 illi
147 1741 280 1802 membra
303 1759 396 1802 novus
418 1740 503 1802 solvit
525 1740 683 1802 formidine
705 1747 810 1820 torpor

84 1835 274 1906 arrectaeque
295 1826 420 1887 horrore
442 1843 542 1887 comae
564 1834 593 1886 et
615 1844 671 1886 vox
693 1824 828 1887 faucibus
849 1823 952 1886 haesit

85 1921 113 1973 et
134 1912 239 1993 procul
261 1920 295 1972 ut
316 1912 403 1972 Dirae
424 1910 580 1972 stridorem
602 1911 740 1990 adgnovit
762 1918 791 1971 et
813 1909 886 1984 alas,

85 1997 187 2058 infelix
210 1996 300 2058 crinis
322 1995 430 2058 scindit
452 1995 574 2056 luturna
597 1995 710 2058 solutos

85 2081 236 2162 unguibus
258 2099 309 2143 ora
331 2100 417 2143 soror
438 2082 561 2143 foedans
583 2090 613 2142 et
635 2089 756 2160 pectora
777 2079 902 2160 pugnis:

83 2159 167 2246 ‘quid
189 2186 271 2228 nunc
292 2175 322 2227 te
344 2176 407 2239 tue,
430 2166 545 2239 Turne,
568 2175 665 2246 potest
686 2183 825 2246 germana
848 2161 971 2226 iuvare?

87 2262 137 2313 aut
159 2253 229 2330 quid
252 2253 309 2312 iam
332 2254 422 2312 durae
445 2260 565 2331 superat
586 2248 681 2311 mihil
704 2269 761 2330 qua
783 2249 837 2311 tibi
860 2250 958 2310 lucem

87 2346 149 2399 arte
171 2335 292 2398 morer‘l
314 2337 383 2397 talin
408 2356 529 2417 possum
552 2355 600 2397 me
623 2354 776 2416 opponere
798 2332 958 2396 monstro?

88 2423 143 2482 iam
167 2422 223 2481 iam
246 2422 349 2499 linquo
372 2423 458 2483 acies.
505 2440 542 2482 ne
564 2441 611 2482 me
632 2431 742 2482 terrete
764 2421 933 2492 timentem,

89 2506 234 2567 obscenae
256 2507 405 2580 volucres3
429 2507 540 2567 alarum
562 2506 684 2568 verbera
706 2526 797 2569 nosco

87 2590 262 2668 letalemque
285 2608 408 2664 sonum,
432 2609 488 2651 nec
510 2591 615 2653 fallunt
637 2592 716 2653 iussa
738 2591 865 2672 superba

88 2675 267 2755 magnanimi
290 2675 373 2737 lovis.
418 2677 491 2737 baec
513 2696 568 2756 pro
590 2676 758 2756 virginitate
781 2673 919 2757 reponit?

90 2780 148 2840 quo
171 2761 257 2822 vitam
281 2760 360 2822 dedit
381 2760 553 2823 aeternam?
577 2781 629 2823 cur
652 2763 755 2824 mortis
778 2763 912 2842 adempta
936 2772 982 2823 est

90 2845 248 2909 condicio?
271 2866 387 2928 possem
411 2856 508 2910 tantos
530 2847 616 2908 finire
639 2847 757 2909 dolores
809 2878 816 2892 ·

92 2952 172 2995 nunc
196 2942 275 2994 certe
299 2942 327 2993 et
349 2934 457 2995 misero
481 2934 562 2994 fratri
586 2951 684 2993 comes
706 2932 749 2993 ire
771 2950 826 3012 per
847 2930 977 2992 umbras.

133 3018 307 3079 immortalis
331 3017 408 3096 ego?
431 3029 482 3080 aut
503 3018 661 3098 quicquam
683 3017 754 3077 mibi
777 3017 861 3078 dulce
885 3034 1021 3076 meorum

134 3112 162 3163 te
185 3104 265 3176 sine,
288 3105 395 3176 frater,
419 3102 497 3164 erit‘l
521 3124 537 3164 o
562 3122 637 3181 quae
660 3103 728 3164 satis
751 3104 808 3162 ima
830 3102 963 3163 dehiscet

134 3196 212 3247 terra
235 3187 306 3247 mibi
329 3188 484 3267 manisque
507 3188 589 3249 deam
613 3188 745 3249 demittat
767 3187 802 3248 ed
824 3176 927 3248 imosl'

93 3280 208 3332 tantum
231 3272 316 3332 effata
338 3282 426 3351 caput
448 3274 552 3352 glauco
576 3273 707 3334 conterit
729 3273 836 3333 amictu

92 3358 181 3417 multa
205 3376 327 3436 gemens
350 3366 378 3418 et
401 3376 432 3419 se
455 3359 542 3419 fluvio
566 3359 619 3419 dea
642 3358 774 3419 condidit
797 3358 864 3419 alto.

178 3544 226 3596 860
242 3545 322 3594 talem
334 3561 369 3603 π;
382 3542 432 3596 det.
446 3544 491 3598 llv.
509 3545 581 3608 1878,
594 3545 652 3607 266,
665 3541 709 3594 sed
723 3540 861 3593 6111768.
931 3541 981 3593 862
999 3540 1088 3589 nitito

94 3615 211 3662 coniecta
227 3611 256 3681 γ1
292 3611 441 3663 confectoP
476 3610 640 3663 conversali!
693 3613 741 3663 865
756 3607 797 3676 ob]
811 3606 925 3659 ἱηοιίΜ1
959 3610 990 3658 in
1001 3604 1041 3656 Μ’
1053 3605 1096 3659 Get

95 3680 131 3730 ad
148 3677 199 3749 Pyc
270 3682 317 3733 867
337 3681 396 3732 iolla·
412 3681 441 3751 γ’
477 3681 524 3733 olli
542 3681 557 3730 b
576 3679 655 3732 Puris.
669 3681 733 3731 7931
753 3677 827 3729 Ribb.
909 3678 957 3730 871
977 3673 1096 3726 derunt

96 3749 169 3810 1876,
188 3749 228 3800 25.
299 3752 348 3802 873
367 3765 447 3800 curae
465 3764 537 3815 prop.
556 3746 645 3809 Thilo;
664 3748 695 3799 cf.
712 3745 853 3799 6.]11286.
923 3742 1096 3810 tetstatur

94 3828 119 3864 v.
139 3817 230 3878 879181
255 3816 316 3868 secl.
340 3815 404 3869 Rbb.
491 3818 539 3871 883
563 3819 627 3878 imo]
650 3816 706 3866 alto
730 3830 770 3866 ern
793 3813 937 3880 complures
960 3811 1016 3864 cod.
1042 3809 1096 3864 Pici

95 3878 198 3933 Heinsii.
253 3885 367 3935 dehiscet
385 3883 417 3934 ΡΙ
435 3883 509 3937 Ribb.
580 3885 631 3936 884
649 3885 764 3935 demittit
782 3881 813 3932 P¹
850 3883 968 3933 demittet
984 3879 1061 3935 Ribb.
