2286 4394
304 256 471 311 nutmmos
487 257 546 311 ΗΒ.
563 257 593 312 V.

8 440 22 491 t
44 429 192 491 exanimis
214 429 360 508 vitamque
382 428 500 508 reliquit
521 428 553 490 in
575 430 661 492 astris

10 515 54 578 iis
78 517 226 593 fixamque
249 516 341 576 refert
362 514 479 594 delapsa
501 513 645 593 sagittam.

10 600 116 662 imissa
138 601 219 662 solus
240 598 335 680 palma
358 597 515 678 superabat
536 599 670 674 Acestes,
697 645 699 650 -

10 703 89 746 tmen
111 685 206 747 aerias
227 684 320 746 telum
342 683 487 746 contorsit
508 684 538 744 in
562 702 649 745 auras

10 779 71 831 tans
93 779 246 849 artemque
268 777 352 848 pater
373 785 534 846 arcumque
557 778 721 831 sonantem.

10 855 83 917 culis
104 855 236 917 subitum
257 854 385 915 obicitur
406 870 574 933 magnoque
597 855 728 916 futurum

10 941 40 1000 io
63 949 244 1014 monstrum;
270 938 370 1000 docuit
391 947 459 1018 post
481 938 575 1000 exitus
596 939 702 1018 ingens

10 1043 41 1085 ne
64 1024 187 1085 terrifici
208 1023 383 1085 cecinerunt
405 1023 504 1083 omina
524 1030 613 1085 vates.

9 1128 45 1171 ue
68 1108 170 1170 volans
190 1108 308 1188 liquidis
330 1107 361 1169 in
384 1107 514 1169 nuhihus
535 1109 607 1170 arsit
627 1108 762 1171 harundo

10 1195 102 1274 titqne
123 1194 198 1254 viam
220 1193 343 1255 flammis
365 1192 522 1271 tenuisque
544 1193 665 1255 recessit

11 1288 92 1359 mpta
114 1278 144 1340 in
167 1288 288 1353 ventos,
308 1278 390 1340 caelo
413 1296 468 1338 ceu
490 1295 577 1357 saepe
599 1279 689 1339 refixa

10 1373 127 1426 torrent
148 1364 320 1442 crinemque
340 1362 468 1424 volantia
489 1362 584 1424 sidera
606 1362 728 1424 ducunt.

10 1450 47 1510 tis
71 1449 192 1510 haesere
213 1448 318 1510 animis
338 1465 523 1528 superosque
544 1449 656 1527 precati

10 1533 63 1596 crii
85 1533 252 1612 Teucrique
272 1533 342 1609 viri;
366 1551 421 1594 nec
443 1532 587 1594 maximus
610 1551 696 1594 omen

10 1628 21 1679 t
43 1621 174 1692 Aeneas,
196 1617 246 1679 sed
269 1618 376 1679 laetum
399 1616 553 1697 ampiexus
572 1617 698 1680 Acesten

10 1702 92 1765 ribus
114 1703 245 1765 cumulat
265 1702 380 1782 magnis
402 1720 436 1763 ac
458 1702 526 1764 talia
548 1703 642 1764 iatnr:

17 1835 25 1862 ‚
48 1797 148 1869 pater3
172 1806 240 1848 nam
262 1796 291 1849 te
313 1787 404 1849 voluit
425 1805 478 1848 rex
499 1805 623 1867 magnus
646 1787 763 1868 Olympi

10 1893 23 1935 s
45 1873 184 1953 auspiciis
205 1882 352 1936 exsortem
374 1871 484 1935 ducere
505 1871 644 1934 honores.

30 1958 176 2021 Anchisae
197 1957 332 2038 longaevi
354 1957 411 2018 hoc
434 1975 543 2019 munus
564 1956 702 2028 hahehis,

10 2062 28 2104 a
51 2043 228 2123 impressum
249 2042 357 2122 signis,
380 2060 468 2121 quem
490 2041 634 2105 Thracius
657 2041 726 2102 olim

11 2147 60 2190 sae
82 2127 210 2208 genitori
232 2127 263 2188 in
285 2144 393 2206 magno
415 2145 540 2189 munere
562 2126 678 2190 Cisseus

14 2213 62 2275 sui
84 2212 204 2274 dederat
224 2220 452 2274 monumentum
473 2220 503 2274 et
524 2212 634 2293 pignus
656 2205 783 2274 amoris?

10 2308 57 2360 tus
79 2298 172 2377 cingit
193 2297 329 2359 viridanti
351 2305 484 2377 tempora
506 2297 590 2359 lauro

12 2401 96 2444 mum
118 2390 185 2444 ante
209 2383 306 2444 omnis
327 2382 469 2444 victorem
493 2381 621 2462 appellat
642 2384 777 2445 Acesten.

10 2486 93 2528 onus
114 2467 259 2549 Eurytion
282 2467 412 2547 praelato
435 2467 538 2528 inridit
558 2468 686 2542 honori,

10 2553 47 2614 ris
68 2552 148 2614 solus
169 2570 252 2614 avem
274 2552 354 2614 caelo
377 2552 483 2614 deiecit
503 2552 539 2613 ah
563 2552 631 2613 aito.

10 2656 67 2700 nus
89 2637 254 2717 ingreditur
276 2637 377 2710 donis,
401 2636 452 2716 qui
473 2636 590 2699 vincula
611 2637 707 2716 rupit,

10 2741 79 2797 uus,
102 2722 214 2784 volucri
235 2722 287 2801 qui
309 2721 372 2783 hait
394 2721 540 2783 arundine
562 2721 681 2783 maium.

10 2811 37 2870 tt
59 2815 143 2887 pater
163 2808 278 2869 deneas
301 2807 434 2868 nondum
457 2807 618 2868 certamino
639 2807 730 2869 misso

8 2893 66 2952 iem
88 2892 123 2952 ad
147 2909 211 2953 sese
233 2891 432 2970 comitemque
453 2891 582 2973 impubis
604 2891 658 2954 Iuli

10 2978 61 3038 ien
81 2984 168 3038 vocat
189 2984 219 3039 ct
240 2975 327 3038 fidam
350 2976 391 3038 sic
414 2977 492 3039 iatnr
512 2977 548 3038 ad
571 2994 689 3037 aurem:

16 3079 71 3140 age
94 3071 124 3122 ot
146 3061 287 3135 dommo,
310 3060 413 3123 eiiam
436 3061 549 3143 puerile
571 3070 707 3142 paratum

10 3167 17 3208 t
41 3145 130 3208 hahet
151 3164 251 3209 secum
275 3164 439 3225 cursusque
461 3146 601 3209 instruxit
622 3163 783 3225 equorum,

22 3250 76 3292 avo
98 3240 211 3294 turmas
233 3241 263 3293 et
283 3249 347 3294 sese
370 3230 506 3294 ostendat
527 3231 557 3292 in
581 3230 689 3305 armis,

10 3317 46 3378 it.
91 3316 154 3397 ipse
177 3334 296 3378 omnem
316 3316 571 3396 longo-decedere
593 3316 675 3377 circo

13 3419 43 3462 m
65 3400 209 3481 populum
231 3410 262 3462 et
283 3419 403 3480 campos
426 3400 508 3462 iuhet
530 3419 595 3463 esse
616 3400 754 3481 patentis.

10 3493 56 3547 int
77 3486 163 3565 pueri
185 3486 354 3566 pariterque
377 3495 445 3548 ante
468 3503 518 3547 ora
540 3495 697 3566 parentum

10 3572 34 3633 is
55 3569 157 3632 lucent
179 3571 210 3632 in
233 3570 332 3650 equis,
355 3589 431 3650 quos
453 3571 549 3633 omnis
571 3571 669 3632 euntis

10 3706 113 3715 —

13 3788 47 3842 18
65 3789 149 3839 acriis
164 3785 240 3840 Man
273 3791 359 3841 aerata
373 3787 437 3860 y²hc
531 3788 581 3840 520
600 3786 737 3838 contendit
752 3782 813 3836 M¹R
847 3784 939 3835 condit
956 3783 983 3836 c¹

11 3858 96 3907 Mtum
112 3873 144 3920 χ,
161 3858 249 3908 mbito
266 3856 358 3909 honil.
427 3859 477 3910 534
496 3851 665 3908 honoremid
696 3852 741 3906 ¹bc
814 3855 863 3906 541
882 3854 984 3905 honoro

10 3923 49 3983 b.;
69 3921 103 3978 ci.
122 3923 176 3977 htv.
192 3923 213 3976 11
230 3926 272 3990 dd,
292 3928 330 3979 li.
417 3927 465 3979 551
484 3923 618 3977 discedere
634 3919 672 3992 Py
696 3920 770 3976 liihh.

794 4005 831 4061 *q*
