2474 4388
117 207 176 267 108
331 207 663 264 P.vuuu1u1n1tuouls
681 207 842 261 turtures
860 206 918 260 LlB.
939 206 970 261 V.

115 381 200 459 vique
223 388 393 459 soporatum
418 380 518 461 Stygia
540 399 631 461 super
651 388 776 460 utraque
799 390 918 460 quassat
1146 389 1183 440 855

115 474 247 545 tempora
270 465 481 544 cunctantique
505 467 634 526 natantia
657 466 769 527 lumina
789 465 885 528 soluit.

114 551 161 611 vix
183 549 295 629 primos
317 550 440 629 inopina
462 550 545 629 quies
567 551 712 613 laxaverat
732 559 826 612 artust

115 643 144 696 et
166 634 433 714 superincumbens
455 653 522 696 cum
544 636 653 716 puppis
676 644 759 716 parte
781 634 894 697 revolsa

115 738 242 799 eumque
264 719 445 800 gubernaclo
467 719 593 798 liquidas
615 721 740 801 proiecit
760 721 792 781 in
815 719 910 781 undas

115 805 307 886 praeeipitem
329 823 363 866 ao
385 805 482 867 sorios
506 806 685 885 nequiquam
707 824 795 885 saepe
816 814 988 880 vocantem
1139 815 1189 868 88)

115 892 179 971 ipse
200 891 302 952 volans
324 890 423 952 tenuis
444 909 477 951 se
498 890 616 952 sustulit
637 890 697 952 ales
719 890 755 951 ad
777 908 873 951 auras.

116 977 210 1039 currit
231 976 288 1037 iter
309 984 406 1037 tutum
430 994 490 1036 non
513 975 604 1037 setius
627 993 755 1054 aequore
778 974 878 1036 elassis

115 1061 328 1142 promissisque
349 1060 439 1141 patris
461 1060 592 1139 Neptuni
613 1060 748 1121 interrita
770 1061 873 1121 fertur.

116 1148 233 1226 iamque
254 1145 327 1208 adeo
350 1145 488 1225 scopulos
510 1145 647 1207 Sirenum
669 1145 789 1206 advecta
810 1143 943 1217 subibat,

116 1230 242 1292 difficilis
263 1231 414 1308 quondam
435 1230 655 1309 multorumque
678 1229 793 1292 ossibus
814 1228 896 1291 albos

117 1317 192 1394 (tum
213 1333 302 1376 rauca
324 1314 444 1376 adsiduo
467 1313 555 1393 longe
576 1315 636 1377 sale
658 1333 726 1377 saxa
747 1313 922 1392 sonabant),

117 1419 186 1461 eunt
207 1408 292 1479 pater
313 1399 418 1461 amisso
441 1399 602 1461 fluitantem
625 1418 724 1462 errare
746 1399 884 1478 magistro

117 1485 210 1546 sensit
231 1484 345 1564 etipse
367 1493 459 1546 ratem
482 1485 637 1547 nocturnis
658 1485 734 1547 rexit
754 1486 786 1546 in
808 1484 896 1546 undis

117 1570 207 1631 multa
230 1587 351 1648 gemens
373 1587 501 1649 casuque
523 1569 655 1631 animum
676 1588 838 1632 concussus
859 1568 962 1630 amici:

114 1649 146 1716 ‘o
169 1654 293 1715 nimium
315 1654 395 1716 eaelo
418 1663 448 1715 et
468 1655 573 1735 pelago
595 1655 707 1717 confise
728 1673 852 1728 sereno,
1152 1663 1197 1714 870

118 1740 216 1801 nudus
239 1739 269 1800 iu
292 1739 408 1819 ignota,
432 1738 584 1814 Palinure,
606 1739 715 1802 iacebis
737 1733 872 1801 harena.'

203 1924 253 1976 858
271 1938 329 1974 eum
342 1959 350 1975 .
363 1961 369 1974 .
379 1923 544 1988 gubmaelo
563 1925 611 1976 858
630 1922 714 1974 damu.
728 1921 840 1984 Peerlk.;
859 1920 931 1975 Bros.
949 1924 1011 1989 post
1028 1919 1118 1973 addita
1137 1936 1198 1974 cen·

118 1994 167 2042 set.
254 1992 303 2043 859
322 1991 474 2042 tabernaclo
493 1990 567 2043 uuna.
589 1992 663 2055 1887,
681 1993 738 2045 829.
824 1992 874 2045 866
892 1992 978 2055 saepe]
997 2005 1059 2041 uoee
1077 1987 1105 2040 Μ

119 2060 166 2112 861
186 2059 232 2122 ad]
251 2060 281 2109 in
292 2055 331 2129 Py
399 2056 476 2126 stolo
488 2058 572 2110 damn.
586 2056 695 2125 Peerlk,
713 2074 792 2110 unum
810 2073 834 2110 v.
848 2060 896 2112 865
910 2056 990 2110 Geblr.
1060 2058 1112 2111 866
1129 2060 1196 2120 tum]

118 2131 173 2178 iam
190 2126 271 2180 schol.
289 2125 348 2179 lior.
365 2125 385 2178 ll
405 2128 492 2191 14,14
509 2130 535 2178 et
553 2125 633 2179 Gebh.
