2286 4394
76 158 140 219 274
285 158 313 210 P.
326 155 453 209 renutu
470 153 797 208 {enumeraturus
815 155 875 209 uu.
892 156 940 209 xli.

74 333 228 395 dissultant
251 331 391 411 crepitus.
434 328 512 389 rodat
532 329 588 388 atri
609 327 739 389 turbinis
759 328 854 389 instar

74 418 193 480 esitium
215 417 312 476 dirum
336 415 416 475 hasta
439 415 540 475 terens
560 431 688 491 orasque
709 413 838 474 recludit

75 503 183 563 toriae
205 512 235 562 et
256 500 343 580 clipei
366 510 514 560 extremos
534 497 736 577 septemplicis
758 499 857 560 orbis:

73 605 129 668 per
149 586 279 647 madium
300 586 430 646 stridens
449 585 555 644 transit
576 586 683 645 [emur.
728 584 833 644 incidit
856 586 931 646 istus

74 673 181 751 ingens
202 672 238 732 ad
260 682 369 732 terram
391 670 540 749 duplicato
559 669 673 748 poplite
694 669 826 730 Turnus.

74 767 261 837 consurgunt
282 755 394 835 gemitu
415 753 516 815 Rutuli
537 764 677 833 totusque
697 755 828 834 remugit

75 862 162 905 mons
184 843 294 903 circum
317 850 346 901 et
367 857 469 899 rocem
492 840 549 899 late
572 857 693 900 nemora
715 839 773 899 alta
794 841 960 901 remittunt.

161 928 212 989 ttte
227 925 346 988 humilis
366 925 550 1004 supplexque
572 924 676 985 oculos
696 925 891 1003 dextramque
914 934 1062 1005 precanten

72 1014 274 1119 protendens:
296 1011 444 1089 ‘equidem
466 1010 561 1070 merui
584 1027 641 1070 neo
662 1006 821 1087 depreeor’
845 1012 957 1090 inquit;

88 1111 170 1160 utere
192 1107 271 1159 sorte
293 1105 352 1156 tua.
396 1095 495 1156 miseri
517 1105 547 1155 te
568 1095 592 1156 si
615 1112 673 1172 qua
695 1096 827 1173 parentis

76 1195 197 1264 tangere
220 1199 290 1243 cura
313 1190 425 1261 potest,
448 1198 519 1251 oro,
542 1179 608 1250 (fuit
630 1189 662 1240 et
681 1179 734 1239 tihi
757 1180 823 1241 talis

76 1269 219 1328 Anchises
240 1265 369 1343 genitor)
394 1265 489 1326 Dauni
511 1264 652 1327 miserere
673 1273 811 1325 senectae

76 1364 105 1414 et
127 1371 188 1424 me,
212 1368 264 1411 seu
286 1367 395 1426 eorpus
416 1349 574 1427 spoliatum
598 1349 835 1422 luminemus,

76 1435 165 1497 redde
188 1435 270 1494 meis.
315 1433 408 1493 vicisti
430 1445 460 1493 et
481 1433 590 1493 victum
612 1434 734 1495 tendere
756 1435 870 1513 palmas

74 1519 196 1581 Ausonii
219 1518 332 1590 videre,
355 1527 404 1579 tua
427 1527 472 1579 est
493 1517 613 1579 Lavinia
635 1519 781 1594 eoniun13

74 1604 197 1666 ulterius
219 1623 258 1664 ne
280 1604 368 1665 tende
391 1597 483 1664 odiis.³
528 1604 610 1664 stetit
630 1622 700 1665 aoer
721 1605 752 1665 in
774 1605 865 1666 armis

75 1691 188 1752 deneas
211 1689 329 1751 volvens
352 1689 454 1749 oeulos
475 1689 666 1768 dextramque
688 1691 838 1769 repressit

75 1786 105 1838 et
127 1776 183 1837 iam
206 1775 323 1854 iamque
346 1774 437 1854 magis
459 1783 647 1835 cunctantem
669 1775 789 1836 flectere
811 1793 909 1836 sermo

75 1870 229 1942 coeperat,
254 1860 353 1921 infelix
377 1877 480 1919 nmero
502 1876 569 1919 eum
593 1860 729 1938 apparuit
750 1859 808 1920 alto

75 1947 188 2008 balteus
211 1954 239 2006 et
262 1946 339 2006 notis
362 1945 508 2005 fulserunt
530 1944 647 2024 cingula
670 1943 758 2005 bullis

77 2031 215 2093 Pallantis
238 2031 338 2109 pueri,
360 2031 468 2090 victum
491 2047 578 2107 quem
600 2030 721 2090 volnere
743 2029 864 2092 Turnus

74 2125 216 2178 straverat
237 2123 325 2194 atque
347 2115 456 2176 umeris
478 2114 629 2174 inimicum
652 2114 768 2195 insigne
789 2114 920 2194 gerebat.

76 2202 139 2276 itte,
163 2200 255 2261 oculis
278 2209 433 2280 postquam
457 2199 532 2260 saevi
555 2209 747 2260 monumenta
770 2200 880 2260 doloris

75 2286 250 2364 ‹ixttviaeque
274 2286 383 2358 hausit,
407 2285 491 2346 iuriis
513 2303 655 2345 accensus
678 2286 770 2346 etim

75 2370 227 2431 terribilis:
248 2365 333 2431 ‘tune
356 2371 425 2430 hino
447 2370 548 2448 spoliis
570 2369 672 2430 indute
694 2388 827 2430 meorum

75 2456 199 2535 eripiare
222 2453 314 2513 mihi?
337 2454 429 2514 Pallas
452 2464 480 2513 te
503 2455 559 2513 hate
582 2455 716 2529 volnere,
739 2455 833 2515 Pallas

75 2540 205 2599 inunolnt
227 2549 256 2597 et
279 2557 402 2615 poenam
426 2538 568 2599 scelerato
592 2559 626 2600 ex
649 2541 792 2618 sanguine
815 2529 920 2601 sumit.’

75 2624 130 2683 itoe
153 2623 254 2683 «licens
278 2625 386 2682 serrum
410 2622 530 2683 atlverso
554 2625 608 2685 sub
632 2635 752 2703 pectore
775 2626 876 2686 condit

75 2708 211 2770 t'ervidus.
257 2719 300 2768 ast
323 2709 361 2769 illi
386 2709 541 2770 solvuntur
564 2711 672 2787 trigone
695 2710 826 2771 membra

74 2796 189 2874 vitaque
213 2814 279 2855 otini
302 2795 411 2875 gemitu
436 2796 510 2873 sugit
533 2795 679 2873 indignata
704 2795 758 2856 sub
781 2795 909 2855 umbras.

160 2987 209 3031 tuto
227 2982 338 3046 supplem
357 2998 405 3033 om.
425 2997 475 3046 qtae
494 2979 648 3050 Ptty²tttbtn
