2286 4394
78 194 118 256 74
444 194 775 250 nvuuomusmurs

76 369 238 431 exstinctus
259 368 356 447 pudor
377 378 420 441 et,
444 386 501 447 qua
524 368 584 430 sola
607 368 702 430 sidera
724 369 858 442 adibam,

76 455 150 516 fama
173 453 263 533 prior.
308 452 356 514 cui
377 472 424 514 me
446 453 653 514 moribundam
677 454 799 529 deseris,
822 455 931 534 hospes

77 539 144 616 (boc
167 538 261 599 solum
286 556 396 599 nomen
420 539 559 618 quoniam
582 538 618 600 de
640 540 768 620 coniuge
790 538 914 616 restatlf

76 623 145 702 quid
168 620 291 684 moror?
314 642 351 684 an
374 642 438 684 mea
463 624 631 705 Pygmalion
655 624 724 686 dum
748 625 865 687 moenia
889 627 979 688 frater

76 709 220 782 destruat,
244 717 295 769 aut
317 717 430 788 captam
453 710 538 771 ducet
561 708 700 771 Gaetulus
723 708 843 772 Iarbas?

76 794 178 855 saltem
200 793 225 855 si
248 812 305 873 qua
328 794 399 856 mibi
421 794 457 854 de
479 804 509 855 te
531 802 666 873 suscepta
689 795 791 856 fuisset

76 887 144 940 ante
166 881 265 959 fugam
288 879 422 954 suboles,
444 879 469 940 si
492 879 558 958 quis
580 879 650 940 mibi
673 880 813 959 parvulus
835 881 901 941 aula

76 965 191 1026 luderet
213 966 340 1039 deneas,
364 965 414 1043 qui
437 976 465 1025 te
488 972 586 1024 tamen
610 983 661 1026 ore
684 966 823 1039 referret,

78 1070 138 1112 non
162 1050 296 1129 equidem
319 1049 441 1110 omnino
464 1057 549 1128 capta
570 1067 604 1110 ac
626 1049 742 1111 deserta
763 1044 899 1111 viderer?

162 1136 289 1196 Dixerat.
333 1135 382 1195 ille
404 1135 479 1196 lovis
500 1133 620 1196 monitis
643 1134 763 1196 immota
787 1136 907 1197 tenebat

76 1221 238 1282 luminaret
261 1218 388 1281 obnixus
411 1236 511 1280 curam
534 1218 700 1281 subcorde
722 1220 885 1300 premebat.

76 1305 194 1366 tandem
217 1322 309 1383 pauca
332 1305 437 1364 refert:
456 1298 525 1383 ‘ego
548 1313 593 1378 te,
615 1323 691 1383 quae
712 1305 837 1384 plurima
861 1305 949 1368 fando

77 1407 251 1451 enumerare
272 1389 364 1464 vales,
388 1407 566 1468 numquam,
588 1390 706 1468 regina,
728 1390 844 1470 negabo

76 1474 283 1555 promeritam3
306 1493 362 1535 nec
383 1492 430 1536 me
453 1473 621 1536 meminisse
645 1474 757 1555 pigebit
778 1475 903 1550 Elissae,

75 1559 146 1620 dum
168 1577 282 1621 memor
302 1558 367 1638 ipse
388 1559 460 1633 mei,
484 1559 553 1620 dum
575 1558 697 1638 spiritus
717 1562 772 1623 bos
793 1561 869 1640 regit
891 1569 983 1623 artus.

76 1663 131 1725 pro
153 1663 186 1705 re
208 1662 302 1724 pauca
325 1645 439 1724 loquar.
484 1663 581 1723 neque
604 1662 659 1725 ego
681 1646 758 1707 banc
780 1645 964 1708 abscondere
986 1649 1054 1708 furto

76 1731 190 1809 speravi
213 1733 264 1805 (ne
287 1731 377 1810 finge)
400 1731 499 1810 fugam
521 1748 578 1791 nec
600 1729 736 1810 coniugis
757 1749 898 1810 nmquam

76 1815 229 1895 praetendi
251 1816 349 1877 taedas
372 1824 421 1876 aut
443 1816 514 1876 baec
536 1815 566 1875 iu
590 1816 709 1876 foedera
730 1816 808 1878 veni.

76 1919 123 1961 me
145 1901 169 1963 si
192 1902 250 1962 fata
273 1901 346 1962 meis
368 1907 542 1980 paterentur
563 1900 672 1961 ducere
693 1901 781 1962 vitam

76 1986 214 2067 auspiciis
237 1994 266 2048 et
287 1999 394 2066 sponte
416 2004 481 2047 mea
503 2004 685 2064 componere
707 2004 807 2060 curas,

75 2073 181 2134 urbem
203 2071 361 2133 Troianam
384 2071 512 2152 primum
535 2070 688 2149 dulcisque
708 2088 841 2132 meorum

76 2158 215 2237 reliquias
238 2158 382 2232 colerem,
405 2156 513 2218 Priami
535 2164 611 2218 tecta
634 2156 691 2216 alta
713 2163 868 2218 manerent

76 2252 105 2304 et
126 2242 250 2304 recidiva
273 2260 364 2302 manu
387 2243 550 2321 posuissem
573 2241 714 2321 Pergama
736 2241 828 2303 victis.

75 2327 127 2390 sed
151 2345 231 2387 nunc
254 2326 364 2387 ltaliam
387 2344 523 2404 magnam
548 2325 683 2406 Gryneus
705 2326 825 2406 Apollo,

76 2412 186 2473 ltaliam
210 2410 314 2490 Lyciae
336 2411 449 2471 iussere
471 2429 626 2490 capessere
647 2421 758 2486 sortes3

75 2497 123 2556 hic
145 2512 244 2566 amor,
268 2496 339 2556 baec
362 2496 454 2574 patria
477 2505 530 2558 est.
574 2496 599 2558 si
622 2506 652 2558 te
675 2496 862 2576 Karthaginis
883 2514 967 2558 arces

75 2580 265 2642 Phoenissam
290 2580 475 2661 Libycaeque
497 2589 633 2660 aspectus
655 2582 767 2644 detinet
789 2580 887 2654 urbis,

75 2683 149 2745 quae
172 2665 290 2727 tandem
314 2667 443 2728 Ausonia
464 2668 596 2729 Teucros
617 2668 771 2729 considere
793 2675 872 2727 terra

75 2750 183 2812 invidia
205 2750 270 2813 est?
293 2760 322 2813 et
344 2771 399 2814 nos
422 2754 464 2815 fas
487 2763 586 2815 extera
609 2771 751 2831 quaerere
773 2769 874 2831 regna.

76 2854 122 2897 me
144 2837 235 2915 patris
257 2837 416 2914 Anchisae,
440 2840 578 2919 quotiens
600 2837 770 2900 umentibus
790 2835 904 2898 umbris

75 2941 133 2983 uox
158 2923 254 3002 operit
274 2932 382 2999 terras,
405 2925 543 3004 quotiens
564 2931 641 2986 astra
663 2923 749 3003 ignea
770 2929 912 3002 surgunt,

75 3008 215 3068 admouet
235 3009 265 3068 in
289 3009 400 3071 somnis
423 3019 452 3071 et
473 3010 588 3071 turbida
609 3016 702 3070 terret
723 3009 836 3087 imago;

75 3111 122 3153 me
145 3111 219 3172 puer
241 3094 384 3155 Ascanius
406 3095 567 3174 capitisque
590 3094 697 3154 iniuria
720 3093 796 3166 cari,

75 3196 163 3257 quem
186 3194 279 3256 regno
301 3177 462 3258 Hesperiae
484 3178 587 3240 fraudo
611 3188 640 3240 et
660 3179 797 3240 fatalibus
818 3177 902 3239 arvis.

75 3281 157 3324 nunc
180 3263 266 3323 etiam
288 3261 436 3341 interpres
458 3263 553 3324 divom
577 3263 644 3324 love
666 3264 774 3327 missus
796 3261 832 3324 ab
855 3263 919 3341 ipso

74 3351 179 3424 (testor
201 3357 361 3426 utrumque
384 3350 483 3426 caput)
505 3348 610 3410 celeris
632 3351 768 3411 mandata
791 3366 845 3429 per
867 3365 953 3409 auras

74 3433 192 3507 detulit3
214 3433 278 3513 ipse
300 3432 387 3494 deum
411 3433 565 3495 manifesto
588 3434 619 3495 in
643 3435 754 3496 lumine
775 3433 834 3495 vidi

74 3519 359 3607 intrantemsmuros
381 3536 542 3597 vocemque
564 3518 609 3581 his
633 3520 753 3582 auribus
775 3519 867 3580 hausi.

160 3670 252 3735 32er
272 3671 354 3723 damn.
368 3670 449 3734 Bros,
468 3671 517 3723 328
534 3671 559 3719 ei
577 3672 636 3736 quio
654 3671 798 3722 ..Aeneas
816 3671 865 3722 329
884 3667 963 3721 Gebb.
977 3664 1052 3717 ZGW

75 3738 132 3801 227,
151 3743 179 3790 ut
197 3742 244 3805 qaut
262 3744 374 3792 mutetur
392 3740 417 3791 in
436 3754 511 3804 quae.
599 3738 646 3790 337
670 3753 720 3803 pro
738 3755 778 3789 me
796 3736 870 3791 Bibr.
891 3738 964 3799 1887,
984 3735 1042 3788 816.

74 3805 252 3923 2313&ngng
254 3845 268 3924 ι.
287 3844 293 3859 .
316 3811 455 3859 monerent
477 3806 559 3859 damu.
579 3805 678 3858 Peerlk.
698 3810 723 3857 et
741 3805 814 3856 Ribb.
902 3808 962 3872 post
986 3805 1034 3855 355
