2286 4394
76 203 137 264 268
444 202 473 256 P.
488 201 615 256 VERGlLl
632 201 781 257 muretus

75 377 184 439 deserit
205 385 235 437 et
256 393 358 436 muros
380 384 410 436 et
431 393 559 437 summas
580 374 691 437 deserit
711 393 795 437 arces

75 461 307 543 praecipitatque
328 479 426 522 moras
449 461 559 534 omnis,
584 479 674 540 opera
698 461 798 522 omnia
819 464 931 543 rumpit

75 547 184 608 laetitia
206 546 357 608 exsultans
377 544 620 625 horrendumque
641 546 760 607 intonat
782 548 888 622 armis,

77 641 206 711 quantus
227 632 319 693 dtbos
341 642 391 692 aut
413 640 541 710 quantus
562 629 641 711 Eryx
663 640 714 691 aut
735 631 801 712 ipse
823 633 953 695 coruscis

77 735 145 778 cum
167 717 265 778 lremit
285 716 401 778 ilicibus
423 725 551 795 quantus
572 716 740 796 gaudetque
763 717 853 778 nivali

76 802 186 863 vertice
208 821 240 863 se
262 801 398 863 attollens
419 810 505 881 pater
525 801 724 881 Appenninus
747 801 784 863 ad
806 821 902 865 auras.

78 889 135 949 iam
157 905 228 948 vero
250 897 280 948 et
301 886 402 947 Rutuli
424 887 558 947 certatim
580 895 610 946 et
632 886 725 948 Troes
747 895 777 948 et
800 907 905 950 omnes

79 984 252 1035 convertere
275 972 377 1033 oculos
399 970 462 1032 Itali
485 971 596 1051 quique
617 971 674 1032 alta
695 971 840 1034 tenebant

79 1059 196 1120 moenia
217 1058 327 1137 quique
349 1057 424 1118 imos
447 1055 605 1136 pulsabant
626 1057 717 1118 ariete
739 1075 842 1120 muros

79 1162 220 1223 armaque
241 1142 405 1222 deposuere
428 1142 547 1203 umeris.
590 1150 691 1222 stupet
712 1141 775 1221 ipse
797 1143 922 1206 Latinus

79 1229 210 1309 ingentis
231 1228 347 1307 genitos
370 1228 490 1288 diversis
512 1227 646 1307 partibus
668 1226 749 1288 orbis

79 1315 157 1374 inter
179 1331 210 1373 se
233 1312 337 1373 coiisse
360 1312 437 1373 viros
460 1323 489 1373 et
511 1330 635 1374 cernere
657 1313 745 1373 lerro.

79 1409 167 1476 atque
189 1396 245 1470 illi,
269 1407 301 1456 nt
322 1414 413 1457 vacuo
436 1405 598 1476 patuerunt
619 1415 747 1476 aequore
770 1397 881 1476 campi,

79 1499 223 1562 procursu
247 1481 349 1560 rapido
372 1481 514 1542 coniectis
537 1483 653 1544 eminus
675 1482 766 1544 hastis

79 1566 221 1627 invadunt
243 1566 365 1626 Martem
389 1566 492 1647 clipeis
513 1576 602 1647 atque
623 1585 691 1628 aere
713 1585 833 1629 sonoro.

79 1652 129 1712 dat
150 1652 292 1732 gemitum
313 1652 415 1727 tellus,
438 1661 501 1714 tum
524 1652 644 1713 crebros
666 1652 788 1714 ensibus
809 1652 887 1714 ictus

81 1737 307 1818 congeminant,
331 1738 392 1799 lors
415 1747 445 1798 et
465 1738 558 1799 virtus
579 1738 742 1799 miscentur
763 1737 794 1798 in
818 1755 923 1799 unum.

80 1842 115 1884 ac
136 1823 217 1885 velut
237 1823 351 1903 ingenti
375 1823 434 1884 Sila
456 1841 607 1885 summove
630 1822 770 1884 Taburno

81 1927 149 1970 cum
172 1909 230 1969 duo
254 1909 403 1970 conversis
424 1909 543 1970 inimica
565 1909 596 1969 in
619 1908 730 1988 proelia
753 1907 830 1968 tauri

81 1994 230 2056 frontibus
252 1994 427 2068 incurrunt,
450 1993 544 2074 pavidi
567 2011 681 2054 cessere
703 1992 850 2072 magistri,

80 2090 138 2141 stat
159 2098 251 2161 pecus
273 2098 361 2140 omne
383 2089 464 2141 metu
486 2089 600 2140 mutum
623 2087 814 2157 mussantque
836 2078 994 2151 iuvencae,

83 2166 149 2244 quis
172 2165 288 2227 nemori
311 2165 473 2245 imperitet,
496 2183 585 2244 quem
608 2171 669 2224 tota
691 2172 824 2224 armenta
847 2172 1031 2242 sequautur3

82 2251 123 2313 illi
145 2252 224 2313 inter
246 2269 310 2312 sese
332 2251 422 2312 multa
445 2251 471 2310 vi
493 2250 613 2311 volnera
635 2249 760 2310 miscent

84 2355 256 2415 cornuaque
279 2334 380 2396 obnixi
403 2337 531 2415 infigunt
553 2344 582 2395 et
603 2335 746 2413 sangnine
768 2333 850 2410 largo

84 2422 156 2482 colla
179 2439 336 2497 armosque
358 2421 470 2493 lavant,
493 2421 603 2499 gemitu
627 2439 731 2480 nemus
754 2436 842 2478 omne
865 2418 1014 2497 remugit,

84 2525 145 2566 non
168 2504 251 2564 aliter
273 2505 348 2563 Tros
371 2504 485 2564 deneas
508 2515 537 2564 et
560 2506 691 2566 Daunius
711 2505 800 2566 heros

84 2598 269 2650 concurrunt
291 2587 408 2666 clipeis,
432 2589 539 2667 ingens
562 2592 662 2668 fragor
683 2591 800 2650 aethera
822 2588 961 2666 complet.

125 2673 258 2752 luppiter
279 2673 343 2752 ipse
365 2673 437 2735 duas
458 2686 583 2753 aequato
607 2676 740 2735 examine
763 2675 863 2735 lances

125 2759 252 2821 sustinet
274 2770 304 2819 et
325 2760 382 2820 lata
405 2760 533 2839 imponit
554 2760 667 2821 diversa
689 2761 831 2833 duorum,

126 2864 215 2923 qnem
237 2846 356 2906 damnet
376 2845 460 2907 labor
483 2854 512 2906 et
534 2865 593 2924 quo
616 2856 716 2925 vergat
737 2844 870 2924 pondere
892 2843 995 2903 letum.
1013 2888 1045 2902 ..

169 2930 283 2991 Emicat
304 2932 352 2991 hic
374 2931 497 3012 impune
520 2942 627 3010 putans
649 2942 678 2991 et
700 2948 826 3009 corpore
848 2937 911 2988 toto

84 3014 140 3075 alte
164 3015 311 3076 sublatum
335 3018 489 3096 consurgit
511 3017 631 3078 Turnus
653 3017 683 3077 in
707 3034 807 3076 ensem

84 3110 113 3160 et
134 3101 210 3160 lerit.
255 3100 419 3161 exclamant
440 3102 533 3163 Troes
555 3102 722 3181 trepidique
744 3100 858 3171 Latini,

82 3196 273 3264 arrectaeque
296 3186 450 3246 amborum
473 3188 560 3247 acies.
604 3197 632 3246 at
654 3187 784 3267 perfidus
806 3184 885 3245 ensis

84 3272 230 3350 frangitur
251 3272 281 3331 in
305 3271 461 3350 medioque
484 3271 637 3332 ardentem
659 3271 769 3333 deserit
790 3270 850 3330 ictu
875 3304 914 3314 -

85 3358 115 3417 ni
137 3358 206 3437 luga
228 3356 359 3418 subsidio
382 3356 494 3418 subeat.
538 3358 612 3434 fugit
635 3358 717 3418 ocior
739 3356 837 3425 Euro,

85 3452 118 3502 ut
139 3443 275 3521 capulum
298 3443 431 3522 ignotum
454 3444 646 3521 dextramque
668 3443 781 3522 aspexit
801 3441 955 3500 inermem.

169 3610 217 3660 102
235 3610 305 3675 eum]
324 3613 372 3675 qui
390 3609 428 3663 111.
447 3611 512 3663 ZdG.
534 3613 606 3673 1881,
625 3614 682 3664 599.
762 3611 810 3662 709
830 3622 938 3657 comere
955 3601 988 3654 P¹
1007 3601 1071 3654 Meni

85 3680 197 3730 discere.
216 3676 254 3728 bn
289 3679 343 3730 doe.
362 3686 410 3730 cet.
423 3680 439 3731 1.
528 3682 575 3732 113
595 3677 773 3748 erebriebl¹y¹
863 3678 912 3728 114
929 3676 1058 3723 miscetur

86 3752 134 3802 720
153 3745 270 3806 volnera]
287 3748 391 3810 proelia
429 3747 460 3798 ’π
529 3749 578 3798 132
596 3751 678 3798 intem
690 3737 981 3812 MR‘aliquot'Pier.er
1036 3756 1069 3807 po

86 3817 153 3881 quid
172 3817 305 3880 superest?
327 3815 383 3866 add.
402 3766 481 3866 {aris
500 3816 578 3874 1931;
602 3813 675 3866 Ribb.
694 3816 741 3868 lac.
760 3821 819 3866 stat.
911 3812 959 3862 133
986 3813 1046 3859 ante
1066 3829 1071 3857 i

85 3885 144 3937 dist.
163 3887 286 3936 commate
304 3881 387 3933 Madv.
407 3885 448 3947 46,
470 3890 497 3932 nt
515 3883 624 3947 protasis
643 3883 676 3934 sit
694 3888 724 3933 ni
741 3883 762 3944 f.
780 3901 801 3934 s.
