2286 4394
420 245 580 301 subditos
598 246 657 303 ΗΒ.
676 248 716 300 lll.

21 419 173 482 sternitur
194 426 225 480 et
246 426 309 480 toto
330 419 481 498 proiectus
502 437 628 498 corpore
651 427 757 480 terrae.

22 505 143 566 ducunt
165 511 196 565 et
217 503 328 566 Rutulo
349 505 487 583 perfusos
508 503 654 582 sanguine
677 523 791 566 currus.

21 597 95 670 post
117 588 247 649 bellator
268 606 363 669 equus
383 588 489 670 positis
510 588 678 668 insignibus
700 590 815 650 Aethon

23 676 48 736 it
69 673 231 736 lacrimans
252 674 403 754 guttisque
425 682 555 735 umectat
576 673 739 752 grandibus
761 694 821 735 ora.
1080 693 1109 744 90

23 760 143 821 hastam
165 758 214 819 alii
235 758 407 839 galeamque
429 759 545 833 lerunt;
568 776 636 819 nam
660 768 757 819 cetera
779 759 899 822 Turnus

25 845 123 906 victor
144 842 243 905 babet.
288 852 349 905 tum
372 853 482 905 maesta
504 844 632 923 phalanx
654 844 821 923 Teucrique
844 856 1011 926 sequuntur

26 928 238 1010 Tyrrhenique
260 947 365 990 omnes
386 938 417 990 et
436 929 529 990 versis
550 929 678 989 Arcades
699 929 798 991 armis.

26 1022 189 1095 postquam
211 1013 309 1077 omnis
330 1014 419 1092 longe
442 1014 582 1074 comitum
605 1022 793 1092 processerat
815 1016 902 1091 ordo,

27 1098 161 1162 substitit
182 1100 297 1160 Aeneas
319 1099 490 1178 gemituque
513 1099 585 1159 haec
607 1097 716 1159 addidit
737 1099 811 1161 alto:
1080 1115 1108 1165 95

24 1177 97 1245 ‘nos
118 1183 190 1245 alias
212 1183 282 1244 hine
304 1183 339 1245 ad
361 1183 497 1246 lacrimas
519 1182 620 1244 eadem
642 1183 761 1244 horrida
785 1184 852 1245 belli

28 1270 87 1330 lata
109 1275 232 1329 vocant:
255 1267 332 1331 salve
354 1277 509 1330 aeternum
531 1267 619 1340 mihi,
642 1268 766 1330 maxime
788 1269 882 1344 Palla,

27 1362 246 1432 aeternumque
266 1343 351 1414 vale'
399 1372 454 1415 nec
476 1353 561 1433 plura
583 1353 688 1414 allatus
709 1355 744 1414 ad
767 1355 841 1416 altos

26 1437 171 1501 tendebat
193 1455 294 1500 muros
315 1455 509 1517 gressumque
531 1439 562 1498 in
586 1448 680 1499 castra
702 1439 822 1500 serebat.

115 1522 236 1601 lamque
258 1533 392 1585 oratores
413 1523 535 1584 aderant
556 1541 592 1583 ex
613 1522 689 1584 urbe
710 1523 813 1584 Latina

26 1608 114 1669 velati
138 1607 227 1669 ramis
249 1607 331 1669 oleae
352 1608 527 1688 veniamque
550 1616 704 1687 rogantes:

27 1711 174 1772 corpora,
197 1711 251 1772 per
272 1710 394 1773 campos
415 1694 496 1754 ferro
519 1711 594 1773 quae
616 1694 680 1753 lusa
702 1692 853 1766 iacebant,

26 1778 169 1839 redderet
189 1795 223 1838 ac
244 1778 359 1839 tumulo
381 1778 493 1839 sineret
515 1777 673 1839 succedere
695 1785 808 1852 terrae;

27 1863 146 1924 nullom
170 1880 238 1924 cum
259 1862 343 1925 victis
365 1871 514 1924 certamen
537 1871 566 1923 et
588 1863 705 1923 aethere
727 1862 831 1937 cassis;

26 1955 168 2027 parceret
188 1946 355 2026 hospitibus
376 1947 525 2027 quondam
548 1947 718 2026 socerisque
740 1949 859 2009 vocatis.

26 2051 105 2112 quos
128 2032 227 2094 bonus
248 2032 363 2095 Aeneas
384 2032 462 2094 haud
485 2032 670 2112 aspernanda
692 2033 842 2111 precantis

23 2117 224 2222 prosequitur
245 2117 330 2179 venia
352 2126 382 2179 et
403 2117 500 2179 verbis
520 2117 594 2178 baec
617 2117 740 2196 insuper
762 2118 854 2179 addit:

37 2220 187 2282 quaenam
210 2221 262 2264 vos
283 2210 366 2264 tanto
389 2202 508 2264 fortuna
531 2202 669 2282 indigna,
692 2202 803 2276 Latini,

26 2287 176 2368 implicuit
197 2287 292 2361 hello,
314 2288 365 2368 qui
387 2307 443 2350 nos
465 2288 582 2368 lugiatis
604 2284 736 2348 amicos?

26 2391 133 2454 pacem
155 2390 203 2433 me
225 2373 368 2435 exanimis
390 2381 420 2434 et
441 2372 541 2434 Martis
563 2382 644 2434 sorte
666 2372 829 2452 peremptis

26 2455 144 2520 oratis?
166 2457 304 2537 equidem
326 2465 355 2519 et
376 2458 447 2519 viris
468 2457 634 2518 concedere
655 2457 768 2518 vellem.

26 2562 85 2604 nec
108 2543 193 2617 veni,
216 2542 274 2605 nisi
296 2543 354 2604 lata
375 2543 475 2604 locum
497 2543 657 2622 sedemque
679 2543 842 2616 dedissent,

27 2647 86 2690 nec
109 2627 220 2689 bellum
243 2646 312 2689 cum
334 2637 424 2708 gente
445 2645 534 2708 gero;
557 2646 609 2688 rex
632 2635 733 2689 nostra
754 2627 873 2707 reliquit

29 2712 161 2793 hospitia
183 2722 212 2774 et
233 2711 328 2774 Turni
350 2713 450 2791 potius
472 2730 504 2774 se
526 2711 650 2773 credidit
670 2713 769 2773 armis.

27 2797 154 2877 aequius
175 2797 245 2860 huic
267 2797 404 2859 Turnum
426 2799 521 2859 luerat
542 2815 574 2858 se
597 2815 751 2876 opponere
776 2797 871 2856 morti.

26 2885 52 2945 si
75 2881 188 2943 bellum
210 2882 297 2944 linire
320 2901 427 2956 manu,
449 2883 474 2944 si
496 2881 605 2961 pellere
628 2881 760 2942 Teucros

27 2975 168 3048 apparat,
189 2967 236 3029 his
259 2985 375 3029 mecum
399 2967 498 3028 decuit
520 2983 701 3027 concurrere
724 2965 803 3026 telis:

26 3055 123 3127 viret,
147 3051 196 3113 cui
217 3053 305 3113 vitam
327 3053 401 3114 deus
422 3060 473 3112 aut
495 3071 547 3113 sua
570 3051 672 3112 dextra
694 3051 829 3112 dedisset.

28 3156 113 3200 nunc
136 3136 176 3198 ite
199 3145 230 3198 et
250 3137 366 3199 miseris
388 3137 549 3217 supponite
572 3135 684 3198 civibus
706 3132 830 3215 ignem'

28 3223 146 3284 dixerat
166 3221 290 3286 Aeneas.
335 3222 377 3284 illi
400 3222 571 3301 obstipuere
593 3220 715 3282 silentes

28 3306 226 3386 conversique
249 3308 352 3369 oculos
374 3307 454 3368 inter
475 3325 507 3368 se
528 3315 617 3385 atque
640 3325 692 3367 ora
713 3306 864 3368 tenebant.

116 3391 192 3453 Tum
215 3393 317 3455 senior
338 3410 514 3473 semperque
538 3391 612 3452 odiis
634 3399 664 3452 et
685 3392 809 3452 crimine
832 3391 963 3451 Drances

28 3479 167 3540 infensus
189 3477 288 3540 iuveni
309 3477 413 3539 Turno
436 3477 478 3538 sic
502 3495 553 3537 ore
573 3476 700 3537 vicissim

28 3581 98 3626 orsa
122 3563 228 3623 refert:
247 3557 279 3622 ‘o
302 3565 379 3624 fama
402 3563 526 3640 ingens,
550 3560 700 3638 ingentior
722 3560 827 3632 armis,

27 3649 72 3710 vir
95 3647 241 3723 Troiane,
264 3648 372 3728 quibus
394 3647 475 3709 caelo
498 3655 527 3708 te
549 3644 686 3706 laudibus
709 3642 852 3724 aequem?
1070 3651 1112 3701 125

30 3783 239 3794 ————

115 3851 177 3918 post
189 3851 221 3902 87
234 3847 308 3900 Ribb.
323 3849 370 3900 lae.
383 3853 444 3900 stat.
508 3848 541 3899 93
561 3848 661 3908 omnes]
679 3846 759 3897 duces
771 3844 836 3897 Rbm
849 3843 921 3896 Serv.
983 3845 1016 3895 94
1030 3858 1112 3908 prae-

27 3923 147 3970 cesserat
157 3916 216 3969 librl
229 3932 266 3984 pr.
275 3917 319 3988 7²:
330 3915 405 3971 Rihb.
460 3916 508 3968 103
518 3915 595 3966 redd.
604 3918 636 3965 ut
648 3917 710 3965 tum.
722 3931 754 3965 ac
766 3915 831 3967 coni.
843 3912 881 3964 lll.
893 3910 1113 3976 zod.1881,597.

907 3996 963 4051 lb*
