<?xml version="1.0" encoding="UTF-8"?>
<!DOCTYPE html PUBLIC "-//W3C//DTD XHTML 1.0 Transitional//EN"
    "http://www.w3.org/TR/xhtml1/DTD/xhtml1-transitional.dtd">
<html xmlns="http://www.w3.org/1999/xhtml" xml:lang="en" lang="en">
 <head>
  <title>
</title>
<meta http-equiv="Content-Type" content="text/html;charset=utf-8" />
  <meta name='ocr-system' content='tesseract 3.04.00' />
  <meta name='ocr-capabilities' content='ocr_page ocr_carea ocr_par ocr_line ocrx_word'/>
</head>
<body>
  <div class='ocr_page' id='page_1' title='image "./pvergilimaronis08virggoog/pvergilimaronis08virggoog_0124.png"; bbox 0 0 2286 4394; ppageno 0'>
   <div class='ocr_carea' id='block_1_1' title="bbox 448 227 733 283">
    <p class='ocr_par' dir='ltr' id='par_1_1' title="bbox 448 227 733 283">
     <span class='ocr_line' id='line_1_1' title="bbox 448 227 733 283; baseline -0.011 0"><span class='ocrx_word' id='word_1_1' title='bbox 448 227 609 283; x_wconf 76' lang='lat' dir='ltr'><strong>Asbrtnus</strong></span> <span class='ocrx_word' id='word_1_2' title='bbox 627 228 685 283; x_wconf 82' lang='lat' dir='ltr'><strong>us.</strong></span> <span class='ocrx_word' id='word_1_3' title='bbox 702 229 733 281; x_wconf 90' lang='lat' dir='ltr'><strong>V.</strong></span> 
     </span>
    </p>
   </div>
   <div class='ocr_carea' id='block_1_2' title="bbox 40 401 961 3544">
    <p class='ocr_par' dir='ltr' id='par_1_2' title="bbox 40 401 940 1741">
     <span class='ocr_line' id='line_1_2' title="bbox 142 401 917 483; baseline 0 -20"><span class='ocrx_word' id='word_1_4' title='bbox 142 401 300 482; x_wconf 85' lang='lat' dir='ltr'><strong>Extemplo</strong></span> <span class='ocrx_word' id='word_1_5' title='bbox 322 401 418 464; x_wconf 90' lang='lat' dir='ltr'><strong>socios</strong></span> <span class='ocrx_word' id='word_1_6' title='bbox 439 403 628 483; x_wconf 89' lang='lat' dir='ltr'><strong>primumque</strong></span> <span class='ocrx_word' id='word_1_7' title='bbox 649 402 772 464; x_wconf 81' lang='lat' dir='ltr'>arcessit</span> <span class='ocrx_word' id='word_1_8' title='bbox 793 405 917 465; x_wconf 78' lang='lat' dir='ltr'><strong>Acesten</strong></span> 
     </span>
     <span class='ocr_line' id='line_1_3' title="bbox 54 486 832 567; baseline 0.001 -18"><span class='ocrx_word' id='word_1_9' title='bbox 54 495 86 549; x_wconf 89' lang='lat' dir='ltr'><strong>et</strong></span> <span class='ocrx_word' id='word_1_10' title='bbox 107 487 185 550; x_wconf 87' lang='lat' dir='ltr'><strong>lovis</strong></span> <span class='ocrx_word' id='word_1_11' title='bbox 208 486 367 566; x_wconf 89' lang='lat' dir='ltr'><strong>imperium</strong></span> <span class='ocrx_word' id='word_1_12' title='bbox 388 496 418 548; x_wconf 89' lang='lat' dir='ltr'><strong>et</strong></span> <span class='ocrx_word' id='word_1_13' title='bbox 439 487 500 549; x_wconf 90' lang='lat' dir='ltr'><strong>cari</strong></span> <span class='ocrx_word' id='word_1_14' title='bbox 522 494 678 567; x_wconf 90' lang='lat' dir='ltr'><strong>praecepta</strong></span> <span class='ocrx_word' id='word_1_15' title='bbox 701 489 832 567; x_wconf 90' lang='lat' dir='ltr'><strong>parentis</strong></span> 
     </span>
     <span class='ocr_line' id='line_1_4' title="bbox 54 571 850 651; baseline -0.003 -17"><span class='ocrx_word' id='word_1_16' title='bbox 54 571 162 635; x_wconf 81' lang='lat' dir='ltr'><strong>edocet</strong></span> <span class='ocrx_word' id='word_1_17' title='bbox 184 581 214 634; x_wconf 91' lang='lat' dir='ltr'><strong>et</strong></span> <span class='ocrx_word' id='word_1_18' title='bbox 236 590 312 651; x_wconf 88' lang='lat' dir='ltr'><strong>quae</strong></span> <span class='ocrx_word' id='word_1_19' title='bbox 335 589 416 633; x_wconf 92' lang='lat' dir='ltr'><strong>nunc</strong></span> <span class='ocrx_word' id='word_1_20' title='bbox 438 573 536 634; x_wconf 89' lang='lat' dir='ltr'><strong>animo</strong></span> <span class='ocrx_word' id='word_1_21' title='bbox 558 571 704 634; x_wconf 92' lang='lat' dir='ltr'><strong>sententia</strong></span> <span class='ocrx_word' id='word_1_22' title='bbox 728 581 850 635; x_wconf 83' lang='lat' dir='ltr'><strong>constet.</strong></span> 
     </span>
     <span class='ocr_line' id='line_1_5' title="bbox 54 657 877 731; baseline -0.001 -13"><span class='ocrx_word' id='word_1_23' title='bbox 54 657 137 719; x_wconf 91' lang='lat' dir='ltr'><strong>baud</strong></span> <span class='ocrx_word' id='word_1_24' title='bbox 158 675 239 718; x_wconf 90' lang='lat' dir='ltr'><strong>mora</strong></span> <span class='ocrx_word' id='word_1_25' title='bbox 263 657 410 731; x_wconf 86' lang='lat' dir='ltr'><strong>consiliis,</strong></span> <span class='ocrx_word' id='word_1_26' title='bbox 433 675 490 719; x_wconf 90' lang='lat' dir='ltr'><strong>nec</strong></span> <span class='ocrx_word' id='word_1_27' title='bbox 511 658 588 720; x_wconf 90' lang='lat' dir='ltr'><strong>iussa</strong></span> <span class='ocrx_word' id='word_1_28' title='bbox 609 666 728 718; x_wconf 84' lang='lat' dir='ltr'><strong>recusat</strong></span> <span class='ocrx_word' id='word_1_29' title='bbox 749 658 877 720; x_wconf 87' lang='lat' dir='ltr'><strong>Acestes.</strong></span> 
     </span>
     <span class='ocr_line' id='line_1_6' title="bbox 55 740 873 823; baseline 0 -19"><span class='ocrx_word' id='word_1_30' title='bbox 55 743 262 806; x_wconf 91' lang='lat' dir='ltr'><strong>transcribunt</strong></span> <span class='ocrx_word' id='word_1_31' title='bbox 283 740 351 803; x_wconf 89' lang='lat' dir='ltr'><strong>urbi</strong></span> <span class='ocrx_word' id='word_1_32' title='bbox 371 749 480 804; x_wconf 88' lang='lat' dir='ltr'><strong>matres</strong></span> <span class='ocrx_word' id='word_1_33' title='bbox 501 741 704 823; x_wconf 86' lang='lat' dir='ltr'><strong>populumque</strong></span> <span class='ocrx_word' id='word_1_34' title='bbox 725 742 873 804; x_wconf 87' lang='lat' dir='ltr'><strong>volentem</strong></span> 
     </span>
     <span class='ocr_line' id='line_1_7' title="bbox 57 827 845 908; baseline 0 -19"><span class='ocrx_word' id='word_1_35' title='bbox 57 827 229 908; x_wconf 87' lang='lat' dir='ltr'><strong>deponunt,</strong></span> <span class='ocrx_word' id='word_1_36' title='bbox 252 827 368 890; x_wconf 91' lang='lat' dir='ltr'><strong>animos</strong></span> <span class='ocrx_word' id='word_1_37' title='bbox 390 827 433 889; x_wconf 92' lang='lat' dir='ltr'><strong>nil</strong></span> <span class='ocrx_word' id='word_1_38' title='bbox 454 845 578 907; x_wconf 83' lang='lat' dir='ltr'><strong>magnac</strong></span> <span class='ocrx_word' id='word_1_39' title='bbox 600 827 692 888; x_wconf 91' lang='lat' dir='ltr'><strong>laudis</strong></span> <span class='ocrx_word' id='word_1_40' title='bbox 715 835 845 906; x_wconf 82' lang='lat' dir='ltr'><strong>egentes.</strong></span> 
     </span>
     <span class='ocr_line' id='line_1_8' title="bbox 55 911 912 994; baseline -0.001 -20"><span class='ocrx_word' id='word_1_41' title='bbox 55 913 114 994; x_wconf 93' lang='lat' dir='ltr'><strong>ipsi</strong></span> <span class='ocrx_word' id='word_1_42' title='bbox 135 920 263 975; x_wconf 87' lang='lat' dir='ltr'><strong>transtra</strong></span> <span class='ocrx_word' id='word_1_43' title='bbox 286 919 396 974; x_wconf 83' lang='lat' dir='ltr'><strong>novant</strong></span> <span class='ocrx_word' id='word_1_44' title='bbox 416 913 598 991; x_wconf 84' lang='lat' dir='ltr'><strong>flammisque</strong></span> <span class='ocrx_word' id='word_1_45' title='bbox 619 911 736 974; x_wconf 83' lang='lat' dir='ltr'><strong>ambesa</strong></span> <span class='ocrx_word' id='word_1_46' title='bbox 758 921 912 992; x_wconf 90' lang='lat' dir='ltr'><strong>reponunt</strong></span> 
     </span>
     <span class='ocr_line' id='line_1_9' title="bbox 40 997 842 1078; baseline 0.002 -20"><span class='ocrx_word' id='word_1_47' title='bbox 40 998 166 1074; x_wconf 56' lang='lat' dir='ltr'><strong>⁴robora</strong></span> <span class='ocrx_word' id='word_1_48' title='bbox 188 997 326 1077; x_wconf 85' lang='lat' dir='ltr'><strong>navigiis,</strong></span> <span class='ocrx_word' id='word_1_49' title='bbox 347 1004 450 1078; x_wconf 89' lang='lat' dir='ltr'><strong>aptant</strong></span> <span class='ocrx_word' id='word_1_50' title='bbox 470 1016 628 1077; x_wconf 90' lang='lat' dir='ltr'><strong>remosque</strong></span> <span class='ocrx_word' id='word_1_51' title='bbox 649 997 842 1077; x_wconf 89' lang='lat' dir='ltr'><strong>rudentisque</strong></span> 
     </span>
     <span class='ocr_line' id='line_1_10' title="bbox 55 1082 727 1163; baseline -0.003 -19"><span class='ocrx_word' id='word_1_52' title='bbox 55 1083 157 1163; x_wconf 83' lang='lat' dir='ltr'><strong>exigui</strong></span> <span class='ocrx_word' id='word_1_53' title='bbox 179 1100 318 1157; x_wconf 87' lang='lat' dir='ltr'><strong>numero,</strong></span> <span class='ocrx_word' id='word_1_54' title='bbox 341 1083 392 1144; x_wconf 91' lang='lat' dir='ltr'><strong>sed</strong></span> <span class='ocrx_word' id='word_1_55' title='bbox 414 1082 491 1145; x_wconf 94' lang='lat' dir='ltr'><strong>bello</strong></span> <span class='ocrx_word' id='word_1_56' title='bbox 513 1083 605 1144; x_wconf 84' lang='lat' dir='ltr'><strong>vivida</strong></span> <span class='ocrx_word' id='word_1_57' title='bbox 627 1082 727 1144; x_wconf 88' lang='lat' dir='ltr'><strong>virtus.</strong></span> 
     </span>
     <span class='ocr_line' id='line_1_11' title="bbox 55 1166 709 1247; baseline -0.002 -17"><span class='ocrx_word' id='word_1_58' title='bbox 55 1168 172 1230; x_wconf 87' lang='lat' dir='ltr'><strong>interea</strong></span> <span class='ocrx_word' id='word_1_59' title='bbox 194 1168 309 1230; x_wconf 78' lang='lat' dir='ltr'><strong>Aeneas</strong></span> <span class='ocrx_word' id='word_1_60' title='bbox 330 1166 434 1230; x_wconf 88' lang='lat' dir='ltr'><strong>urbem</strong></span> <span class='ocrx_word' id='word_1_61' title='bbox 459 1168 592 1247; x_wconf 84' lang='lat' dir='ltr'><strong>designat</strong></span> <span class='ocrx_word' id='word_1_62' title='bbox 613 1176 709 1229; x_wconf 89' lang='lat' dir='ltr'><strong>aratro</strong></span> 
     </span>
     <span class='ocr_line' id='line_1_12' title="bbox 55 1251 940 1333; baseline -0.005 -17"><span class='ocrx_word' id='word_1_63' title='bbox 55 1252 242 1333; x_wconf 82' lang='lat' dir='ltr'><strong>sortiturque</strong></span> <span class='ocrx_word' id='word_1_64' title='bbox 263 1253 367 1315; x_wconf 90' lang='lat' dir='ltr'><strong>domos</strong></span> <span class='ocrx_word' id='word_1_65' title='bbox 374 1271 382 1329; x_wconf 93' lang='lat'>;</span> <span class='ocrx_word' id='word_1_66' title='bbox 405 1253 462 1316; x_wconf 92' lang='lat' dir='ltr'><strong>hoc</strong></span> <span class='ocrx_word' id='word_1_67' title='bbox 484 1252 569 1314; x_wconf 89' lang='lat' dir='ltr'><strong>llium</strong></span> <span class='ocrx_word' id='word_1_68' title='bbox 592 1263 620 1314; x_wconf 89' lang='lat' dir='ltr'><strong>et</strong></span> <span class='ocrx_word' id='word_1_69' title='bbox 643 1253 716 1314; x_wconf 88' lang='lat' dir='ltr'><strong>haec</strong></span> <span class='ocrx_word' id='word_1_70' title='bbox 738 1252 801 1314; x_wconf 89' lang='lat' dir='ltr'><strong>loca</strong></span> <span class='ocrx_word' id='word_1_71' title='bbox 824 1251 940 1313; x_wconf 85' lang='lat' dir='ltr'><strong>Troiam</strong></span> 
     </span>
     <span class='ocr_line' id='line_1_13' title="bbox 56 1335 811 1419; baseline -0.001 -19"><span class='ocrx_word' id='word_1_72' title='bbox 56 1357 123 1400; x_wconf 88' lang='lat' dir='ltr'><strong>esse</strong></span> <span class='ocrx_word' id='word_1_73' title='bbox 146 1335 237 1400; x_wconf 85' lang='lat' dir='ltr'><strong>iubet.</strong></span> <span class='ocrx_word' id='word_1_74' title='bbox 280 1339 388 1417; x_wconf 83' lang='lat' dir='ltr'><strong>gaudet</strong></span> <span class='ocrx_word' id='word_1_75' title='bbox 408 1356 502 1419; x_wconf 81' lang='lat' dir='ltr'><strong>regno</strong></span> <span class='ocrx_word' id='word_1_76' title='bbox 524 1338 671 1400; x_wconf 79' lang='lat' dir='ltr'><strong>Troianus</strong></span> <span class='ocrx_word' id='word_1_77' title='bbox 691 1338 811 1399; x_wconf 78' lang='lat' dir='ltr'><strong>Acestes</strong></span> 
     </span>
     <span class='ocr_line' id='line_1_14' title="bbox 54 1423 840 1503; baseline -0.001 -19"><span class='ocrx_word' id='word_1_78' title='bbox 54 1423 220 1502; x_wconf 84' lang='lat' dir='ltr'><strong>indicitque</strong></span> <span class='ocrx_word' id='word_1_79' title='bbox 242 1423 338 1484; x_wconf 84' lang='lat' dir='ltr'><strong>lorum</strong></span> <span class='ocrx_word' id='word_1_80' title='bbox 362 1431 391 1484; x_wconf 89' lang='lat' dir='ltr'><strong>et</strong></span> <span class='ocrx_word' id='word_1_81' title='bbox 412 1423 545 1503; x_wconf 90' lang='lat' dir='ltr'><strong>patribus</strong></span> <span class='ocrx_word' id='word_1_82' title='bbox 566 1423 616 1483; x_wconf 89' lang='lat' dir='ltr'><strong>dat</strong></span> <span class='ocrx_word' id='word_1_83' title='bbox 636 1423 699 1484; x_wconf 89' lang='lat' dir='ltr'><strong>iura</strong></span> <span class='ocrx_word' id='word_1_84' title='bbox 721 1423 840 1485; x_wconf 85' lang='lat' dir='ltr'><strong>vocatis.</strong></span> 
     </span>
     <span class='ocr_line' id='line_1_15' title="bbox 55 1507 785 1589; baseline 0 -19"><span class='ocrx_word' id='word_1_85' title='bbox 55 1518 121 1570; x_wconf 90' lang='lat' dir='ltr'><strong>tum</strong></span> <span class='ocrx_word' id='word_1_86' title='bbox 143 1508 238 1569; x_wconf 87' lang='lat' dir='ltr'><strong>vicina</strong></span> <span class='ocrx_word' id='word_1_87' title='bbox 260 1507 345 1570; x_wconf 90' lang='lat' dir='ltr'><strong>astris</strong></span> <span class='ocrx_word' id='word_1_88' title='bbox 367 1507 497 1589; x_wconf 81' lang='lat' dir='ltr'><strong>Erycino</strong></span> <span class='ocrx_word' id='word_1_89' title='bbox 518 1509 549 1569; x_wconf 93' lang='lat' dir='ltr'><strong>in</strong></span> <span class='ocrx_word' id='word_1_90' title='bbox 571 1508 679 1569; x_wconf 86' lang='lat' dir='ltr'><strong>vertice</strong></span> <span class='ocrx_word' id='word_1_91' title='bbox 701 1509 785 1570; x_wconf 88' lang='lat' dir='ltr'><strong>sedes</strong></span> 
     </span>
     <span class='ocr_line' id='line_1_16' title="bbox 56 1592 809 1672; baseline 0 -18"><span class='ocrx_word' id='word_1_92' title='bbox 56 1593 199 1654; x_wconf 78' lang='lat' dir='ltr'><strong>fundatur</strong></span> <span class='ocrx_word' id='word_1_93' title='bbox 220 1592 328 1654; x_wconf 91' lang='lat' dir='ltr'><strong>Veneri</strong></span> <span class='ocrx_word' id='word_1_94' title='bbox 349 1593 456 1656; x_wconf 91' lang='lat' dir='ltr'><strong>ldaliae</strong></span> <span class='ocrx_word' id='word_1_95' title='bbox 477 1593 650 1672; x_wconf 90' lang='lat' dir='ltr'><strong>tumuloque</strong></span> <span class='ocrx_word' id='word_1_96' title='bbox 672 1593 809 1655; x_wconf 87' lang='lat' dir='ltr'><strong>sacerdos</strong></span> 
     </span>
     <span class='ocr_line' id='line_1_17' title="bbox 55 1677 697 1741; baseline 0 -3"><span class='ocrx_word' id='word_1_97' title='bbox 55 1695 90 1740; x_wconf 90' lang='lat' dir='ltr'><strong>ac</strong></span> <span class='ocrx_word' id='word_1_98' title='bbox 113 1677 199 1740; x_wconf 93' lang='lat' dir='ltr'><strong>lucus</strong></span> <span class='ocrx_word' id='word_1_99' title='bbox 220 1677 277 1739; x_wconf 88' lang='lat' dir='ltr'><strong>late</strong></span> <span class='ocrx_word' id='word_1_100' title='bbox 299 1696 381 1739; x_wconf 90' lang='lat' dir='ltr'><strong>sacer</strong></span> <span class='ocrx_word' id='word_1_101' title='bbox 403 1679 519 1741; x_wconf 87' lang='lat' dir='ltr'><strong>additur</strong></span> <span class='ocrx_word' id='word_1_102' title='bbox 541 1678 697 1740; x_wconf 87' lang='lat' dir='ltr'><strong>Anchiseo.</strong></span> 
     </span>
    </p>

    <p class='ocr_par' dir='ltr' id='par_1_3' title="bbox 55 1760 961 3204">
     <span class='ocr_line' id='line_1_18' title="bbox 143 1760 961 1844; baseline -0.002 -20"><span class='ocrx_word' id='word_1_103' title='bbox 143 1762 265 1842; x_wconf 88' lang='lat' dir='ltr'><strong>lamque</strong></span> <span class='ocrx_word' id='word_1_104' title='bbox 286 1762 349 1825; x_wconf 89' lang='lat' dir='ltr'><strong>dies</strong></span> <span class='ocrx_word' id='word_1_105' title='bbox 370 1765 486 1844; x_wconf 89' lang='lat' dir='ltr'><strong>epulata</strong></span> <span class='ocrx_word' id='word_1_106' title='bbox 509 1781 615 1825; x_wconf 89' lang='lat' dir='ltr'><strong>novem</strong></span> <span class='ocrx_word' id='word_1_107' title='bbox 636 1782 711 1843; x_wconf 83' lang='lat' dir='ltr'><strong>gens</strong></span> <span class='ocrx_word' id='word_1_108' title='bbox 733 1762 829 1824; x_wconf 90' lang='lat' dir='ltr'><strong>omnis</strong></span> <span class='ocrx_word' id='word_1_109' title='bbox 851 1771 881 1825; x_wconf 90' lang='lat' dir='ltr'><strong>et</strong></span> <span class='ocrx_word' id='word_1_110' title='bbox 902 1760 961 1822; x_wconf 92' lang='lat' dir='ltr'><strong>aris</strong></span> 
     </span>
     <span class='ocr_line' id='line_1_19' title="bbox 57 1848 862 1927; baseline -0.001 -18"><span class='ocrx_word' id='word_1_111' title='bbox 57 1849 153 1910; x_wconf 84' lang='lat' dir='ltr'><strong>lactus</strong></span> <span class='ocrx_word' id='word_1_112' title='bbox 174 1848 283 1909; x_wconf 89' lang='lat' dir='ltr'><strong>bonos:</strong></span> <span class='ocrx_word' id='word_1_113' title='bbox 317 1848 423 1927; x_wconf 92' lang='lat' dir='ltr'><strong>placidi</strong></span> <span class='ocrx_word' id='word_1_114' title='bbox 445 1856 613 1910; x_wconf 87' lang='lat' dir='ltr'><strong>straverunt</strong></span> <span class='ocrx_word' id='word_1_115' title='bbox 634 1866 761 1927; x_wconf 91' lang='lat' dir='ltr'><strong>aequora</strong></span> <span class='ocrx_word' id='word_1_116' title='bbox 783 1848 862 1909; x_wconf 86' lang='lat' dir='ltr'><strong>venti</strong></span> 
     </span>
     <span class='ocr_line' id='line_1_20' title="bbox 58 1932 912 2013; baseline -0.002 -18"><span class='ocrx_word' id='word_1_117' title='bbox 58 1932 164 1995; x_wconf 84' lang='lat' dir='ltr'><strong>creber</strong></span> <span class='ocrx_word' id='word_1_118' title='bbox 185 1940 215 1994; x_wconf 87' lang='lat' dir='ltr'><strong>et</strong></span> <span class='ocrx_word' id='word_1_119' title='bbox 235 1933 388 2013; x_wconf 90' lang='lat' dir='ltr'><strong>adspirans</strong></span> <span class='ocrx_word' id='word_1_120' title='bbox 410 1951 513 1996; x_wconf 89' lang='lat' dir='ltr'><strong>rursus</strong></span> <span class='ocrx_word' id='word_1_121' title='bbox 535 1942 618 1996; x_wconf 81' lang='lat' dir='ltr'><strong>vocat</strong></span> <span class='ocrx_word' id='word_1_122' title='bbox 640 1941 737 1995; x_wconf 90' lang='lat' dir='ltr'><strong>auster</strong></span> <span class='ocrx_word' id='word_1_123' title='bbox 759 1933 789 1993; x_wconf 94' lang='lat' dir='ltr'><strong>in</strong></span> <span class='ocrx_word' id='word_1_124' title='bbox 813 1932 912 1994; x_wconf 91' lang='lat' dir='ltr'><strong>altum.</strong></span> 
     </span>
     <span class='ocr_line' id='line_1_21' title="bbox 57 2018 790 2100; baseline 0 -22"><span class='ocrx_word' id='word_1_125' title='bbox 57 2018 191 2079; x_wconf 84' lang='lat' dir='ltr'><strong>excritur</strong></span> <span class='ocrx_word' id='word_1_126' title='bbox 212 2036 358 2098; x_wconf 78' lang='lat' dir='ltr'><strong>procurva</strong></span> <span class='ocrx_word' id='word_1_127' title='bbox 379 2018 486 2100; x_wconf 73' lang='lat' dir='ltr'><strong>ingens</strong></span> <span class='ocrx_word' id='word_1_128' title='bbox 507 2037 562 2099; x_wconf 88' lang='lat' dir='ltr'><strong>per</strong></span> <span class='ocrx_word' id='word_1_129' title='bbox 581 2019 668 2080; x_wconf 91' lang='lat' dir='ltr'><strong>litora</strong></span> <span class='ocrx_word' id='word_1_130' title='bbox 689 2019 790 2092; x_wconf 85' lang='lat' dir='ltr'><strong>fletus,</strong></span> 
     </span>
     <span class='ocr_line' id='line_1_22' title="bbox 57 2103 902 2184; baseline -0.001 -19"><span class='ocrx_word' id='word_1_131' title='bbox 57 2103 204 2183; x_wconf 79' lang='lat' dir='ltr'><strong>complexi</strong></span> <span class='ocrx_word' id='word_1_132' title='bbox 226 2103 305 2164; x_wconf 87' lang='lat' dir='ltr'><strong>inter</strong></span> <span class='ocrx_word' id='word_1_133' title='bbox 325 2121 357 2165; x_wconf 90' lang='lat' dir='ltr'><strong>se</strong></span> <span class='ocrx_word' id='word_1_134' title='bbox 380 2112 557 2184; x_wconf 89' lang='lat' dir='ltr'><strong>noctemque</strong></span> <span class='ocrx_word' id='word_1_135' title='bbox 579 2103 716 2183; x_wconf 91' lang='lat' dir='ltr'><strong>diemque</strong></span> <span class='ocrx_word' id='word_1_136' title='bbox 738 2111 902 2165; x_wconf 86' lang='lat' dir='ltr'><strong>morantur.</strong></span> 
     </span>
     <span class='ocr_line' id='line_1_23' title="bbox 58 2187 884 2269; baseline -0.001 -20"><span class='ocrx_word' id='word_1_137' title='bbox 58 2188 139 2268; x_wconf 87' lang='lat' dir='ltr'><strong>ipsae</strong></span> <span class='ocrx_word' id='word_1_138' title='bbox 160 2188 219 2248; x_wconf 85' lang='lat' dir='ltr'><strong>ianr</strong></span> <span class='ocrx_word' id='word_1_139' title='bbox 241 2196 363 2265; x_wconf 90' lang='lat' dir='ltr'><strong>matres,</strong></span> <span class='ocrx_word' id='word_1_140' title='bbox 386 2189 458 2269; x_wconf 88' lang='lat' dir='ltr'><strong>ipsi,</strong></span> <span class='ocrx_word' id='word_1_141' title='bbox 481 2188 588 2268; x_wconf 92' lang='lat' dir='ltr'><strong>quibus</strong></span> <span class='ocrx_word' id='word_1_142' title='bbox 610 2207 712 2269; x_wconf 87' lang='lat' dir='ltr'><strong>aspera</strong></span> <span class='ocrx_word' id='word_1_143' title='bbox 728 2187 884 2267; x_wconf 10' lang='lat' dir='ltr'><strong>&#39;quondam</strong></span> 
     </span>
     <span class='ocr_line' id='line_1_24' title="bbox 56 2273 798 2346; baseline 0 -13"><span class='ocrx_word' id='word_1_144' title='bbox 56 2273 118 2336; x_wconf 88' lang='lat' dir='ltr'><strong>visa</strong></span> <span class='ocrx_word' id='word_1_145' title='bbox 140 2273 229 2335; x_wconf 88' lang='lat' dir='ltr'><strong>maris</strong></span> <span class='ocrx_word' id='word_1_146' title='bbox 251 2273 339 2335; x_wconf 83' lang='lat' dir='ltr'><strong>iacies</strong></span> <span class='ocrx_word' id='word_1_147' title='bbox 360 2282 391 2335; x_wconf 89' lang='lat' dir='ltr'><strong>ct</strong></span> <span class='ocrx_word' id='word_1_148' title='bbox 413 2293 474 2335; x_wconf 94' lang='lat' dir='ltr'><strong>non</strong></span> <span class='ocrx_word' id='word_1_149' title='bbox 498 2273 649 2335; x_wconf 88' lang='lat' dir='ltr'><strong>tolerabile</strong></span> <span class='ocrx_word' id='word_1_150' title='bbox 672 2291 798 2346; x_wconf 87' lang='lat' dir='ltr'><strong>numen,</strong></span> 
     </span>
     <span class='ocr_line' id='line_1_25' title="bbox 55 2358 852 2440; baseline -0.001 -20"><span class='ocrx_word' id='word_1_151' title='bbox 55 2359 101 2420; x_wconf 90' lang='lat' dir='ltr'><strong>ire</strong></span> <span class='ocrx_word' id='word_1_152' title='bbox 123 2358 228 2420; x_wconf 82' lang='lat' dir='ltr'><strong>volunt</strong></span> <span class='ocrx_word' id='word_1_153' title='bbox 249 2376 429 2438; x_wconf 89' lang='lat' dir='ltr'><strong>omnemque</strong></span> <span class='ocrx_word' id='word_1_154' title='bbox 450 2360 536 2438; x_wconf 80' lang='lat' dir='ltr'><strong>fugae</strong></span> <span class='ocrx_word' id='word_1_155' title='bbox 557 2360 691 2440; x_wconf 80' lang='lat' dir='ltr'><strong>perterre</strong></span> <span class='ocrx_word' id='word_1_156' title='bbox 712 2359 852 2420; x_wconf 88' lang='lat' dir='ltr'><strong>laborem.</strong></span> 
     </span>
     <span class='ocr_line' id='line_1_26' title="bbox 57 2443 753 2522; baseline 0 -17"><span class='ocrx_word' id='word_1_157' title='bbox 57 2462 136 2522; x_wconf 92' lang='lat' dir='ltr'><strong>quos</strong></span> <span class='ocrx_word' id='word_1_158' title='bbox 156 2443 254 2505; x_wconf 92' lang='lat' dir='ltr'><strong>bonus</strong></span> <span class='ocrx_word' id='word_1_159' title='bbox 276 2445 391 2506; x_wconf 88' lang='lat' dir='ltr'><strong>Aeneas</strong></span> <span class='ocrx_word' id='word_1_160' title='bbox 412 2443 498 2506; x_wconf 90' lang='lat' dir='ltr'><strong>dictis</strong></span> <span class='ocrx_word' id='word_1_161' title='bbox 519 2445 631 2506; x_wconf 92' lang='lat' dir='ltr'><strong>solatur</strong></span> <span class='ocrx_word' id='word_1_162' title='bbox 651 2444 753 2506; x_wconf 90' lang='lat' dir='ltr'><strong>amicis</strong></span> 
     </span>
     <span class='ocr_line' id='line_1_27' title="bbox 59 2527 870 2609; baseline -0.002 -20"><span class='ocrx_word' id='word_1_163' title='bbox 59 2537 89 2589; x_wconf 92' lang='lat' dir='ltr'><strong>ct</strong></span> <span class='ocrx_word' id='word_1_164' title='bbox 111 2527 332 2609; x_wconf 85' lang='lat' dir='ltr'><strong>consanguineo</strong></span> <span class='ocrx_word' id='word_1_165' title='bbox 354 2529 510 2591; x_wconf 91' lang='lat' dir='ltr'><strong>lacrimans</strong></span> <span class='ocrx_word' id='word_1_166' title='bbox 531 2531 719 2591; x_wconf 90' lang='lat' dir='ltr'><strong>commendat</strong></span> <span class='ocrx_word' id='word_1_167' title='bbox 741 2531 870 2590; x_wconf 85' lang='lat' dir='ltr'><strong>Acestae.</strong></span> 
     </span>
     <span class='ocr_line' id='line_1_28' title="bbox 59 2612 788 2694; baseline 0 -20"><span class='ocrx_word' id='word_1_168' title='bbox 59 2613 112 2674; x_wconf 92' lang='lat' dir='ltr'><strong>tris</strong></span> <span class='ocrx_word' id='word_1_169' title='bbox 133 2612 222 2694; x_wconf 82' lang='lat' dir='ltr'><strong>Eryci</strong></span> <span class='ocrx_word' id='word_1_170' title='bbox 243 2613 350 2676; x_wconf 84' lang='lat' dir='ltr'><strong>vitulos</strong></span> <span class='ocrx_word' id='word_1_171' title='bbox 372 2623 401 2675; x_wconf 90' lang='lat' dir='ltr'><strong>et</strong></span> <span class='ocrx_word' id='word_1_172' title='bbox 423 2613 660 2694; x_wconf 78' lang='lat' dir='ltr'><strong>Tempestatibus</strong></span> <span class='ocrx_word' id='word_1_173' title='bbox 682 2632 788 2693; x_wconf 80' lang='lat' dir='ltr'><strong>agnam</strong></span> 
     </span>
     <span class='ocr_line' id='line_1_29' title="bbox 58 2696 886 2779; baseline -0.001 -20"><span class='ocrx_word' id='word_1_174' title='bbox 58 2697 182 2760; x_wconf 89' lang='lat' dir='ltr'><strong>caedere</strong></span> <span class='ocrx_word' id='word_1_175' title='bbox 204 2696 310 2760; x_wconf 88' lang='lat' dir='ltr'><strong>deinde</strong></span> <span class='ocrx_word' id='word_1_176' title='bbox 331 2698 415 2761; x_wconf 89' lang='lat' dir='ltr'><strong>iubet</strong></span> <span class='ocrx_word' id='word_1_177' title='bbox 435 2699 567 2779; x_wconf 87' lang='lat' dir='ltr'><strong>solvique</strong></span> <span class='ocrx_word' id='word_1_178' title='bbox 590 2719 625 2762; x_wconf 83' lang='lat' dir='ltr'><strong>ex</strong></span> <span class='ocrx_word' id='word_1_179' title='bbox 647 2699 751 2761; x_wconf 91' lang='lat' dir='ltr'><strong>ordine</strong></span> <span class='ocrx_word' id='word_1_180' title='bbox 773 2700 886 2760; x_wconf 84' lang='lat' dir='ltr'><strong>ionem.</strong></span> 
     </span>
     <span class='ocr_line' id='line_1_30' title="bbox 59 2783 726 2864; baseline 0.001 -21"><span class='ocrx_word' id='word_1_181' title='bbox 59 2783 123 2864; x_wconf 91' lang='lat' dir='ltr'><strong>ipse</strong></span> <span class='ocrx_word' id='word_1_182' title='bbox 146 2789 234 2863; x_wconf 91' lang='lat' dir='ltr'><strong>caput</strong></span> <span class='ocrx_word' id='word_1_183' title='bbox 255 2790 359 2846; x_wconf 90' lang='lat' dir='ltr'><strong>tonsae</strong></span> <span class='ocrx_word' id='word_1_184' title='bbox 381 2783 458 2846; x_wconf 87' lang='lat' dir='ltr'><strong>loliis</strong></span> <span class='ocrx_word' id='word_1_185' title='bbox 480 2785 613 2847; x_wconf 87' lang='lat' dir='ltr'><strong>evinctus</strong></span> <span class='ocrx_word' id='word_1_186' title='bbox 635 2785 726 2846; x_wconf 88' lang='lat' dir='ltr'><strong>olivae</strong></span> 
     </span>
     <span class='ocr_line' id='line_1_31' title="bbox 58 2866 947 2949; baseline -0.002 -21"><span class='ocrx_word' id='word_1_187' title='bbox 58 2878 141 2929; x_wconf 88' lang='lat' dir='ltr'><strong>stans</strong></span> <span class='ocrx_word' id='word_1_188' title='bbox 162 2867 267 2947; x_wconf 91' lang='lat' dir='ltr'><strong>procul</strong></span> <span class='ocrx_word' id='word_1_189' title='bbox 289 2867 320 2929; x_wconf 95' lang='lat' dir='ltr'><strong>in</strong></span> <span class='ocrx_word' id='word_1_190' title='bbox 343 2887 432 2948; x_wconf 89' lang='lat' dir='ltr'><strong>prora</strong></span> <span class='ocrx_word' id='word_1_191' title='bbox 454 2879 585 2949; x_wconf 87' lang='lat' dir='ltr'><strong>pateram</strong></span> <span class='ocrx_word' id='word_1_192' title='bbox 607 2877 688 2931; x_wconf 88' lang='lat' dir='ltr'><strong>tenet</strong></span> <span class='ocrx_word' id='word_1_193' title='bbox 710 2878 834 2947; x_wconf 85' lang='lat' dir='ltr'><strong>extaque</strong></span> <span class='ocrx_word' id='word_1_194' title='bbox 855 2866 947 2929; x_wconf 88' lang='lat' dir='ltr'><strong>salsos</strong></span> 
     </span>
     <span class='ocr_line' id='line_1_32' title="bbox 58 2952 804 3034; baseline -0.001 -20"><span class='ocrx_word' id='word_1_195' title='bbox 58 2952 184 3032; x_wconf 72' lang='lat' dir='ltr'><strong>porr-icit</strong></span> <span class='ocrx_word' id='word_1_196' title='bbox 205 2952 236 3013; x_wconf 92' lang='lat' dir='ltr'><strong>in</strong></span> <span class='ocrx_word' id='word_1_197' title='bbox 259 2954 366 3016; x_wconf 89' lang='lat' dir='ltr'><strong>linctus</strong></span> <span class='ocrx_word' id='word_1_198' title='bbox 388 2972 422 3015; x_wconf 95' lang='lat' dir='ltr'><strong>ac</strong></span> <span class='ocrx_word' id='word_1_199' title='bbox 444 2955 511 3016; x_wconf 84' lang='lat' dir='ltr'><strong>aina</strong></span> <span class='ocrx_word' id='word_1_200' title='bbox 534 2954 676 3034; x_wconf 89' lang='lat' dir='ltr'><strong>liquentia</strong></span> <span class='ocrx_word' id='word_1_201' title='bbox 698 2953 804 3014; x_wconf 85' lang='lat' dir='ltr'><strong>tundit.</strong></span> 
     </span>
     <span class='ocr_line' id='line_1_33' title="bbox 57 3037 813 3120; baseline 0.003 -22"><span class='ocrx_word' id='word_1_202' title='bbox 57 3037 252 3117; x_wconf 90' lang='lat' dir='ltr'><strong>prosequitur</strong></span> <span class='ocrx_word' id='word_1_203' title='bbox 273 3057 398 3118; x_wconf 83' lang='lat' dir='ltr'><strong>surgens</strong></span> <span class='ocrx_word' id='word_1_204' title='bbox 419 3057 436 3100; x_wconf 92' lang='lat' dir='ltr'><strong>a</strong></span> <span class='ocrx_word' id='word_1_205' title='bbox 458 3040 552 3120; x_wconf 90' lang='lat' dir='ltr'><strong>puppi</strong></span> <span class='ocrx_word' id='word_1_206' title='bbox 573 3048 679 3100; x_wconf 79' lang='lat' dir='ltr'><strong>sentus</strong></span> <span class='ocrx_word' id='word_1_207' title='bbox 701 3038 813 3114; x_wconf 87' lang='lat' dir='ltr'><strong>euntis;</strong></span> 
     </span>
     <span class='ocr_line' id='line_1_34' title="bbox 58 3122 879 3204; baseline -0.001 -21"><span class='ocrx_word' id='word_1_208' title='bbox 58 3123 193 3184; x_wconf 90' lang='lat' dir='ltr'><strong>certatim</strong></span> <span class='ocrx_word' id='word_1_209' title='bbox 216 3122 289 3184; x_wconf 91' lang='lat' dir='ltr'><strong>sccii</strong></span> <span class='ocrx_word' id='word_1_210' title='bbox 311 3124 423 3185; x_wconf 88' lang='lat' dir='ltr'><strong>leriunt</strong></span> <span class='ocrx_word' id='word_1_211' title='bbox 444 3143 524 3185; x_wconf 90' lang='lat' dir='ltr'><strong>mare</strong></span> <span class='ocrx_word' id='word_1_212' title='bbox 546 3132 577 3185; x_wconf 94' lang='lat' dir='ltr'><strong>et</strong></span> <span class='ocrx_word' id='word_1_213' title='bbox 597 3142 726 3204; x_wconf 90' lang='lat' dir='ltr'><strong>aequora</strong></span> <span class='ocrx_word' id='word_1_214' title='bbox 746 3129 879 3184; x_wconf 82' lang='lat' dir='ltr'><strong>verrunt.</strong></span> 
     </span>
    </p>

    <p class='ocr_par' dir='ltr' id='par_1_4' title="bbox 56 3206 950 3544">
     <span class='ocr_line' id='line_1_35' title="bbox 145 3206 881 3290; baseline 0.001 -23"><span class='ocrx_word' id='word_1_215' title='bbox 145 3206 182 3267; x_wconf 93' lang='lat' dir='ltr'><strong>At</strong></span> <span class='ocrx_word' id='word_1_216' title='bbox 204 3206 304 3270; x_wconf 90' lang='lat' dir='ltr'><strong>Venus</strong></span> <span class='ocrx_word' id='word_1_217' title='bbox 326 3209 438 3270; x_wconf 88' lang='lat' dir='ltr'><strong>interea</strong></span> <span class='ocrx_word' id='word_1_218' title='bbox 459 3210 631 3290; x_wconf 91' lang='lat' dir='ltr'><strong>Neptunum</strong></span> <span class='ocrx_word' id='word_1_219' title='bbox 653 3208 780 3270; x_wconf 80' lang='lat' dir='ltr'><strong>exercita</strong></span> <span class='ocrx_word' id='word_1_220' title='bbox 802 3207 881 3268; x_wconf 88' lang='lat' dir='ltr'><strong>curis</strong></span> 
     </span>
     <span class='ocr_line' id='line_1_36' title="bbox 58 3291 860 3374; baseline 0.006 -22"><span class='ocrx_word' id='word_1_221' title='bbox 58 3291 229 3371; x_wconf 90' lang='lat' dir='ltr'><strong>adloquitur</strong></span> <span class='ocrx_word' id='word_1_222' title='bbox 249 3292 375 3373; x_wconf 85' lang='lat' dir='ltr'><strong>talisque</strong></span> <span class='ocrx_word' id='word_1_223' title='bbox 397 3295 522 3356; x_wconf 84' lang='lat' dir='ltr'><strong>eliundit</strong></span> <span class='ocrx_word' id='word_1_224' title='bbox 542 3304 664 3374; x_wconf 90' lang='lat' dir='ltr'><strong>pectore</strong></span> <span class='ocrx_word' id='word_1_225' title='bbox 687 3302 821 3373; x_wconf 88' lang='lat' dir='ltr'><strong>questus:</strong></span> <span class='ocrx_word' id='word_1_226' title='bbox 858 3353 860 3357; x_wconf 76' lang='grc'>,</span> 
     </span>
     <span class='ocr_line' id='line_1_37' title="bbox 56 3369 839 3458; baseline 0.003 -21"><span class='ocrx_word' id='word_1_227' title='bbox 56 3369 195 3439; x_wconf 87' lang='lat' dir='ltr'><strong>‘lunonis</strong></span> <span class='ocrx_word' id='word_1_228' title='bbox 216 3378 312 3455; x_wconf 81' lang='lat' dir='ltr'><strong>gravis</strong></span> <span class='ocrx_word' id='word_1_229' title='bbox 334 3379 377 3439; x_wconf 92' lang='lat' dir='ltr'><strong>ira</strong></span> <span class='ocrx_word' id='word_1_230' title='bbox 399 3397 497 3458; x_wconf 86' lang='lat' dir='ltr'><strong>neque</strong></span> <span class='ocrx_word' id='word_1_231' title='bbox 519 3379 712 3441; x_wconf 79' lang='lat' dir='ltr'><strong>exsaturabile</strong></span> <span class='ocrx_word' id='word_1_232' title='bbox 736 3387 839 3458; x_wconf 89' lang='lat' dir='ltr'><strong>pectus</strong></span> 
     </span>
     <span class='ocr_line' id='line_1_38' title="bbox 59 3461 950 3544; baseline -0.001 -20"><span class='ocrx_word' id='word_1_233' title='bbox 59 3470 173 3541; x_wconf 81' lang='lat' dir='ltr'><strong>cogunt</strong></span> <span class='ocrx_word' id='word_1_234' title='bbox 195 3481 258 3534; x_wconf 89' lang='lat' dir='ltr'><strong>mc,</strong></span> <span class='ocrx_word' id='word_1_235' title='bbox 281 3463 434 3543; x_wconf 86' lang='lat' dir='ltr'><strong>Neptune,</strong></span> <span class='ocrx_word' id='word_1_236' title='bbox 457 3482 560 3544; x_wconf 89' lang='lat' dir='ltr'><strong>preces</strong></span> <span class='ocrx_word' id='word_1_237' title='bbox 581 3464 761 3526; x_wconf 87' lang='lat' dir='ltr'><strong>descendere</strong></span> <span class='ocrx_word' id='word_1_238' title='bbox 783 3464 813 3524; x_wconf 97' lang='lat' dir='ltr'><strong>in</strong></span> <span class='ocrx_word' id='word_1_239' title='bbox 837 3461 950 3538; x_wconf 88' lang='lat' dir='ltr'><strong>omnis,</strong></span> 
     </span>
    </p>
   </div>
   <div class='ocr_carea' id='block_1_3' title="bbox 58 3627 1131 3973">
    <p class='ocr_par' dir='ltr' id='par_1_5' title="bbox 58 3627 1131 3973">
     <span class='ocr_line' id='line_1_39' title="bbox 147 3627 1131 3697; baseline -0.006 -15"><span class='ocrx_word' id='word_1_240' title='bbox 147 3631 197 3682; x_wconf 83' lang='lat' dir='ltr'><strong>&#39;le</strong></span> <span class='ocrx_word' id='word_1_241' title='bbox 220 3645 271 3695; x_wconf 83' lang='lat' dir='ltr'><strong>qus</strong></span> <span class='ocrx_word' id='word_1_242' title='bbox 294 3644 344 3684; x_wconf 89' lang='lat' dir='ltr'><strong>om.</strong></span> <span class='ocrx_word' id='word_1_243' title='bbox 363 3647 398 3691; x_wconf 70' lang='lat' dir='ltr'><strong>m</strong></span> <span class='ocrx_word' id='word_1_244' title='bbox 422 3630 489 3683; x_wconf 88' lang='lat' dir='ltr'><strong>idem</strong></span> <span class='ocrx_word' id='word_1_245' title='bbox 513 3631 579 3683; x_wconf 90' lang='lat' dir='ltr'><strong>coni.</strong></span> <span class='ocrx_word' id='word_1_246' title='bbox 597 3629 706 3697; x_wconf 66' lang='lat' dir='ltr'><strong>Peerllr„</strong></span> <span class='ocrx_word' id='word_1_247' title='bbox 729 3630 773 3697; x_wconf 92' lang='lat' dir='ltr'><strong>qui</strong></span> <span class='ocrx_word' id='word_1_248' title='bbox 797 3632 856 3696; x_wconf 88' lang='lat' dir='ltr'><strong>post</strong></span> <span class='ocrx_word' id='word_1_249' title='bbox 880 3629 983 3679; x_wconf 79' lang='lat' dir='ltr'><strong>ambesa</strong></span> <span class='ocrx_word' id='word_1_250' title='bbox 1006 3627 1131 3679; x_wconf 87' lang='lat' dir='ltr'><strong>commate</strong></span> 
     </span>
     <span class='ocr_line' id='line_1_40' title="bbox 58 3695 1131 3764; baseline -0.007 -14"><span class='ocrx_word' id='word_1_251' title='bbox 58 3697 119 3751; x_wconf 87' lang='lat' dir='ltr'><strong>dist.</strong></span> <span class='ocrx_word' id='word_1_252' title='bbox 190 3699 239 3752; x_wconf 86' lang='grc'><strong>768</strong></span> <span class='ocrx_word' id='word_1_253' title='bbox 257 3714 353 3750; x_wconf 80' lang='lat' dir='ltr'><strong>nomen</strong></span> <span class='ocrx_word' id='word_1_254' title='bbox 370 3696 409 3749; x_wconf 83' lang='lat' dir='ltr'><strong>lll¹</strong></span> <span class='ocrx_word' id='word_1_255' title='bbox 425 3697 524 3751; x_wconf 89' lang='lat' dir='ltr'><strong>Nonius</strong></span> <span class='ocrx_word' id='word_1_256' title='bbox 541 3701 600 3764; x_wconf 83' lang='grc'><strong>3117,</strong></span> <span class='ocrx_word' id='word_1_257' title='bbox 613 3700 653 3752; x_wconf 78' lang='grc'><strong>78.</strong></span> <span class='ocrx_word' id='word_1_258' title='bbox 671 3697 746 3750; x_wconf 87' lang='lat' dir='ltr'><strong>Ribb.</strong></span> <span class='ocrx_word' id='word_1_259' title='bbox 782 3695 924 3748; x_wconf 82' lang='lat' dir='ltr'><strong>caelumR</strong></span> <span class='ocrx_word' id='word_1_260' title='bbox 1003 3695 1131 3758; x_wconf 61' lang='grc'><strong>7781701·-</strong></span> 
     </span>
     <span class='ocr_line' id='line_1_41' title="bbox 58 3761 1130 3833; baseline -0.006 -15"><span class='ocrx_word' id='word_1_261' title='bbox 58 3769 125 3818; x_wconf 76' lang='lat' dir='ltr'><strong>rc&#39;ca&#39;t</strong></span> <span class='ocrx_word' id='word_1_262' title='bbox 141 3765 227 3818; x_wconf 91' lang='lat' dir='ltr'><strong>lleins.</strong></span> <span class='ocrx_word' id='word_1_263' title='bbox 259 3769 362 3833; x_wconf 80' lang='lat' dir='ltr'><strong>proicit</strong></span> <span class='ocrx_word' id='word_1_264' title='bbox 385 3767 457 3832; x_wconf 88' lang='lat' dir='ltr'><strong>libri,</strong></span> <span class='ocrx_word' id='word_1_265' title='bbox 479 3767 566 3828; x_wconf 88' lang='lat' dir='ltr'><strong>Ribb.;</strong></span> <span class='ocrx_word' id='word_1_266' title='bbox 591 3767 623 3820; x_wconf 84' lang='lat' dir='ltr'><strong>cl.</strong></span> <span class='ocrx_word' id='word_1_267' title='bbox 643 3767 700 3819; x_wconf 80' lang='lat'>238.</span> <span class='ocrx_word' id='word_1_268' title='bbox 787 3768 838 3817; x_wconf 94' lang='grc'><strong>777</strong></span> <span class='ocrx_word' id='word_1_269' title='bbox 856 3765 898 3828; x_wconf 84' lang='lat'><strong>(=</strong></span> <span class='ocrx_word' id='word_1_270' title='bbox 916 3761 1018 3826; x_wconf 86' lang='grc'><strong>111130)</strong></span> <span class='ocrx_word' id='word_1_271' title='bbox 1037 3765 1063 3814; x_wconf 83' lang='lat' dir='ltr'><strong>ct</strong></span> <span class='ocrx_word' id='word_1_272' title='bbox 1080 3762 1130 3813; x_wconf 94' lang='grc'><strong>778</strong></span> 
     </span>
     <span class='ocr_line' id='line_1_42' title="bbox 59 3827 1131 3901; baseline -0.007 -14"><span class='ocrx_word' id='word_1_273' title='bbox 59 3839 104 3897; x_wconf 71' lang='grc' dir='ltr'><strong>(ιι</strong></span> <span class='ocrx_word' id='word_1_274' title='bbox 120 3832 151 3887; x_wconf 91' lang='grc'><strong>111</strong></span> <span class='ocrx_word' id='word_1_275' title='bbox 163 3835 224 3901; x_wconf 79' lang='grc'><strong>7911)</strong></span> <span class='ocrx_word' id='word_1_276' title='bbox 241 3833 325 3890; x_wconf 85' lang='lat' dir='ltr'><strong>damn.</strong></span> <span class='ocrx_word' id='word_1_277' title='bbox 343 3834 440 3895; x_wconf 81' lang='lat' dir='ltr'><strong>Gebb.;</strong></span> <span class='ocrx_word' id='word_1_278' title='bbox 458 3836 560 3887; x_wconf 85' lang='lat' dir='ltr'><strong>inverso</strong></span> <span class='ocrx_word' id='word_1_279' title='bbox 578 3834 666 3886; x_wconf 89' lang='lat' dir='ltr'><strong>ordine</strong></span> <span class='ocrx_word' id='word_1_280' title='bbox 687 3847 777 3885; x_wconf 84' lang='lat' dir='ltr'><strong>versus</strong></span> <span class='ocrx_word' id='word_1_281' title='bbox 795 3832 917 3885; x_wconf 83' lang='lat' dir='ltr'><strong>exhibent</strong></span> <span class='ocrx_word' id='word_1_282' title='bbox 934 3828 973 3901; x_wconf 81' lang='grc' dir='ltr'><strong>Ργ</strong></span> <span class='ocrx_word' id='word_1_283' title='bbox 989 3829 1092 3883; x_wconf 82' lang='lat' dir='ltr'><strong>blentcl.</strong></span> <span class='ocrx_word' id='word_1_284' title='bbox 1110 3827 1131 3891; x_wconf 93' lang='lat'><strong>1,</strong></span> 
     </span>
     <span class='ocr_line' id='line_1_43' title="bbox 58 3900 898 3973; baseline 0 -19"><span class='ocrx_word' id='word_1_285' title='bbox 58 3901 134 3956; x_wconf 83' lang='lat' dir='ltr'><strong>Ribb.</strong></span> <span class='ocrx_word' id='word_1_286' title='bbox 222 3903 270 3957; x_wconf 89' lang='grc'><strong>781</strong></span> <span class='ocrx_word' id='word_1_287' title='bbox 289 3919 338 3955; x_wconf 84' lang='lat' dir='ltr'><strong>occ</strong></span> <span class='ocrx_word' id='word_1_288' title='bbox 354 3901 494 3973; x_wconf 77' lang='lat' dir='ltr'><strong>bl¹Ry¹c¹oc</strong></span> <span class='ocrx_word' id='word_1_289' title='bbox 505 3901 564 3955; x_wconf 86' lang='lat' dir='ltr'><strong>Lad.</strong></span> <span class='ocrx_word' id='word_1_290' title='bbox 651 3903 700 3955; x_wconf 80' lang='grc'><strong>782</strong></span> <span class='ocrx_word' id='word_1_291' title='bbox 718 3903 756 3964; x_wconf 85' lang='lat' dir='ltr'><strong>in]</strong></span> <span class='ocrx_word' id='word_1_292' title='bbox 775 3901 811 3952; x_wconf 86' lang='lat' dir='ltr'><strong>cd</strong></span> <span class='ocrx_word' id='word_1_293' title='bbox 828 3900 898 3954; x_wconf 87' lang='lat' dir='ltr'><strong>Serv.</strong></span> 
     </span>
    </p>
   </div>
   <div class='ocr_carea' id='block_1_4' title="bbox 0 0 1151 4394">
    <p class='ocr_par' dir='ltr' id='par_1_6' title="bbox 0 0 1151 4394">
     <span class='ocr_line' id='line_1_44' title="bbox 0 0 1151 4394; baseline 0 0"><span class='ocrx_word' id='word_1_294' title='bbox 0 0 1151 4394; x_wconf 95' lang='lat' dir='ltr'><strong> </strong></span> 
     </span>
    </p>
   </div>
  </div>
 </body>
</html>
