2286 4394
75 193 139 254 264
441 191 471 248 Ρ.
485 192 613 247 vertetu
630 192 779 249 deuotus

73 379 103 430 te
125 384 245 446 quoque
266 366 430 428 Laurentes
450 365 602 438 viderunt,
624 365 731 442 Aeole,
754 370 852 450 campi

74 461 215 532 oppetere
238 461 267 513 et
288 452 345 512 late
366 461 475 512 terram
497 459 692 512 consternere
713 461 815 532 tergo:

74 537 200 612 occidis,
222 537 345 617 Argivae
367 555 455 616 quem
478 555 539 597 non
562 543 688 614 potuere
710 539 872 619 phalanges

74 632 208 685 sternere
232 641 287 684 nec
309 622 416 682 Priami
438 639 600 701 regnorum
622 639 742 684 eversor
764 623 907 701 Achilles3

74 707 122 769 hic
144 707 198 768 tibi
219 708 323 769 mortis
346 716 431 768 erant
452 716 562 780 metae,
584 705 691 769 domus
712 708 769 769 alta
792 710 848 771 sub
869 711 933 784 lda,

75 792 200 874 Lyrnesi
222 792 327 854 domus
350 793 421 867 alta,
443 791 506 854 solo
529 790 677 853 Laurente
698 793 879 873 sepulcrum.

75 887 155 940 totae
178 879 250 939 adeo
273 896 432 939 conversae
453 877 531 938 acies
553 895 716 956 omnesque
738 878 851 954 Latini,

77 982 181 1026 omnes
203 963 399 1037 Dardanidae,
423 961 593 1023 Mnestheus
615 980 742 1042 acerque
764 965 901 1027 Serestus

78 1058 107 1110 et
129 1048 278 1130 Messapus
300 1066 410 1128 equum
432 1047 560 1108 domitor
580 1055 611 1108 et
632 1048 717 1110 sortis
739 1048 831 1112 Asilas

77 1133 302 1212 Tuscorumque
323 1134 448 1214 phalanx
472 1131 663 1211 Euandrique
685 1133 814 1196 Arcades
835 1135 912 1211 alae,

78 1238 133 1298 pro
155 1238 187 1281 se
210 1219 335 1298 quisque
358 1219 411 1278 viri
433 1235 546 1278 summa
571 1217 706 1278 nituntur
727 1237 820 1299 opum
842 1221 886 1294 vi;

78 1323 134 1366 neo
156 1322 237 1364 mora
261 1321 316 1363 nec
338 1302 470 1381 requies,
493 1311 573 1364 vasto
596 1303 758 1364 certamine
780 1304 919 1367 tendunt.

163 1388 216 1448 llic
238 1395 368 1448 mentem
391 1388 507 1447 Aeneae
530 1388 665 1466 genetrix
686 1388 887 1469 pulcherrima
910 1391 1000 1462 misit,

77 1474 133 1534 iret
154 1481 189 1534 ut
209 1472 244 1532 ad
267 1489 369 1533 muros
390 1470 518 1549 urbique
541 1472 705 1536 adverteret
726 1491 831 1554 agmen

77 1558 160 1620 ocius
182 1566 211 1619 et
232 1556 328 1618 subita
350 1556 484 1619 turbaret
505 1557 586 1618 clade
609 1558 738 1621 Latinos.

77 1644 141 1717 ille,
164 1651 198 1704 ut
218 1642 365 1720 vestigans
386 1642 498 1704 diversa
521 1661 575 1721 per
597 1643 713 1721 agmina
735 1644 871 1706 Turnum

77 1730 137 1792 hue
159 1739 246 1808 atque
268 1729 327 1788 buc
349 1729 427 1790 acies
448 1728 643 1803 circumtulit,
666 1729 770 1810 aspicit
793 1730 897 1792 urbem

79 1816 241 1878 immunem
264 1815 337 1875 tanti
360 1814 428 1875 belli
450 1821 537 1892 atque
561 1814 682 1894 impune
705 1815 843 1893 quietam.

79 1901 223 1963 continuo
245 1917 361 1979 pugnae
384 1899 518 1961 accendit
539 1899 657 1961 maioris
678 1900 783 1980 imago.

79 1986 230 2048 Mnesthea
253 1985 483 2064 Sergestumque
504 1991 588 2044 vocat
609 1984 776 2064 fortemque
798 1986 951 2048 Serestum

79 2072 217 2134 ductores
234 2071 439 2150 tumulumque
462 2068 553 2149 capit,
577 2088 636 2149 quo
658 2078 755 2131 cetera
777 2070 928 2133 Teucrum

80 2157 232 2220 concurrit
252 2156 345 2234 legio,
370 2175 425 2217 nec
446 2163 529 2217 scuta
551 2163 600 2215 aut
623 2155 734 2235 spicula
755 2155 840 2216 densi

79 2244 244 2325 deponunt.
288 2242 366 2303 celso
388 2240 501 2302 medius
522 2248 604 2301 stans
626 2258 732 2320 aggere
753 2242 844 2302 fatur:

76 2321 129 2389 ‘ne
153 2346 209 2407 qua
232 2326 305 2387 meis
328 2335 389 2388 esto
413 2326 497 2388 dictis
518 2343 615 2400 mora;
637 2325 769 2407 luppiter
790 2328 845 2387 hac
867 2335 939 2403 stat;

79 2433 137 2474 neu
162 2413 227 2489 quis
249 2411 286 2471 ob
310 2413 461 2490 inceptum
484 2410 612 2473 subitum
636 2411 708 2472 mihi
728 2412 848 2490 segnior
870 2412 921 2474 ito.

79 2496 183 2557 urbem
206 2496 308 2568 bodie,
332 2514 449 2556 causam
472 2494 556 2567 belli,
580 2515 672 2576 regna
694 2497 757 2577 ipsa
778 2497 888 2572 Latini,

80 2583 109 2642 ni
132 2583 250 2641 frenum
272 2580 406 2659 accipere
429 2588 458 2641 et
480 2581 546 2642 victi
570 2600 674 2662 parere
696 2584 837 2655 latentur,

79 2685 180 2728 eruam
202 2674 231 2727 et
253 2684 344 2744 aequa
367 2667 429 2728 3313
453 2667 596 2728 fumantia
618 2668 745 2729 culmina
768 2686 885 2747 ponam.

78 2753 189 2815 scilicet
211 2761 393 2833 exspectem,
416 2752 505 2813 libeat
525 2754 594 2814 dum
617 2753 727 2833 proelia
750 2753 850 2813 Turno

79 2849 179 2901 nostra
202 2839 261 2918 pati
283 2858 446 2919 rursusque
467 2839 536 2899 velit
558 2857 736 2900 concurrere
758 2835 874 2899 victus?

79 2927 137 2987 hoe
159 2934 260 3005 eaput,
285 2946 301 2986 o
324 2927 419 2998 eiveS,
441 2926 512 2985 baec
534 2925 603 2985 belli
626 2942 740 2985 summa
764 2923 893 2985 nefandi.

78 3013 154 3071 ferte
176 3012 254 3071 iaces
276 3030 404 3090 propere
426 3012 588 3089 foedusque
610 3009 756 3089 reposcite
776 3003 924 3070 flammis.²

165 3095 282 3155 Dixerat
304 3104 391 3174 atque
413 3095 518 3155 animis
540 3095 651 3173 pariter
672 3094 852 3155 certantibus
874 3112 979 3155 omnes

79 3179 150 3238 dant
172 3197 300 3239 cuneum
324 3180 474 3256 densaque
496 3179 530 3238 ad
554 3199 654 3241 muros
677 3180 753 3240 mole
776 3181 921 3240 feruntur.

79 3263 173 3324 scalae
196 3263 354 3343 improviso
377 3264 549 3342 subitusque
572 3265 707 3344 apparuit
729 3265 815 3343 ignis.

79 3349 250 3410 discurrunt
271 3348 318 3409 alii
341 3350 375 3410 ad
399 3357 499 3429 portas
521 3349 692 3430 primosque
714 3350 877 3419 trucidant,

79 3437 190 3496 ferrum
213 3433 261 3494 alii
282 3443 424 3513 torquent
446 3443 475 3497 et
497 3433 677 3496 obumbrant
698 3436 815 3496 aethera
838 3434 911 3494 telis.

78 3522 142 3601 ipse
165 3521 242 3581 iuter
263 3521 374 3600 primos
397 3522 527 3582 dextram
550 3520 605 3583 sub
628 3520 745 3580 moenia
768 3519 862 3581 tendit

79 3609 194 3669 Aeneas
215 3624 379 3684 magnaque
401 3607 517 3668 incusat
538 3625 608 3666 voce
630 3605 767 3666 Latinum

77 3699 260 3773 testaturque
283 3692 352 3752 deos
374 3691 480 3752 iterum
504 3711 535 3752 se
557 3693 591 3752 ad
613 3691 724 3770 proelia
747 3691 829 3770 cogi,

80 3792 238 3807 'g—

166 3831 213 3880 oso
232 3800 575 3889 33331333331313
590 3823 933 3888 33333333313333.
987 3827 1034 3878 ser

77 3886 153 3940 illum
171 3893 298 3955 Parrbas.;
318 3894 351 3948 el.
364 3891 396 3943 lV
409 3894 466 3951 288.
554 3894 601 3944 573
618 3894 729 3958 properi
746 3906 771 3942 m
790 3891 889 3958 Menag.
907 3892 916 3943 l
934 3885 1057 3960 ‘plerique

494 4044 715 4096 „Qu
