<?xml version="1.0" encoding="UTF-8"?>
<!DOCTYPE html PUBLIC "-//W3C//DTD XHTML 1.0 Transitional//EN"
    "http://www.w3.org/TR/xhtml1/DTD/xhtml1-transitional.dtd">
<html xmlns="http://www.w3.org/1999/xhtml" xml:lang="en" lang="en">
 <head>
  <title>
</title>
<meta http-equiv="Content-Type" content="text/html;charset=utf-8" />
  <meta name='ocr-system' content='tesseract 3.04.00' />
  <meta name='ocr-capabilities' content='ocr_page ocr_carea ocr_par ocr_line ocrx_word'/>
</head>
<body>
  <div class='ocr_page' id='page_1' title='image "./pvergilimaronis08virggoog/pvergilimaronis08virggoog_0209.png"; bbox 0 0 2474 4388; ppageno 0'>
   <div class='ocr_carea' id='block_1_1' title="bbox 119 209 838 275">
    <p class='ocr_par' dir='ltr' id='par_1_1' title="bbox 119 209 838 275">
     <span class='ocr_line' id='line_1_1' title="bbox 119 209 838 275; baseline 0.008 -6"><span class='ocrx_word' id='word_1_1' title='bbox 119 209 180 270; x_wconf 87' lang='grc'><strong>190</strong></span> <span class='ocrx_word' id='word_1_2' title='bbox 509 217 537 271; x_wconf 83' lang='lat' dir='ltr'><strong>P.</strong></span> <span class='ocrx_word' id='word_1_3' title='bbox 547 218 675 272; x_wconf 72' lang='lat' dir='ltr'><strong>vadatur</strong></span> <span class='ocrx_word' id='word_1_4' title='bbox 691 219 838 275; x_wconf 70' lang='lat' dir='ltr'><strong>mortis</strong></span> 
     </span>
    </p>
   </div>
   <div class='ocr_carea' id='block_1_2' title="bbox 110 385 1057 3623">
    <p class='ocr_par' dir='ltr' id='par_1_2' title="bbox 117 385 997 565">
     <span class='ocr_line' id='line_1_2' title="bbox 118 385 997 473; baseline 0.016 -30"><span class='ocrx_word' id='word_1_5' title='bbox 118 385 237 463; x_wconf 92' lang='lat' dir='ltr'><strong>quando</strong></span> <span class='ocrx_word' id='word_1_6' title='bbox 260 386 344 447; x_wconf 85' lang='lat' dir='ltr'><strong>aliter</strong></span> <span class='ocrx_word' id='word_1_7' title='bbox 366 407 484 467; x_wconf 79' lang='lat' dir='ltr'>nequeo</span> <span class='ocrx_word' id='word_1_8' title='bbox 507 391 657 453; x_wconf 78' lang='lat' dir='ltr'>crudelem</span> <span class='ocrx_word' id='word_1_9' title='bbox 679 392 856 473; x_wconf 81' lang='lat' dir='ltr'><strong>abrumpere</strong></span> <span class='ocrx_word' id='word_1_10' title='bbox 878 388 997 457; x_wconf 86' lang='lat' dir='ltr'><strong>vitaml&#39;</strong></span> 
     </span>
     <span class='ocr_line' id='line_1_3' title="bbox 117 469 948 565; baseline 0.016 -37"><span class='ocrx_word' id='word_1_11' title='bbox 117 469 175 565; x_wconf 81' lang='lat' dir='ltr'><strong>boc</strong></span> <span class='ocrx_word' id='word_1_12' title='bbox 197 470 268 531; x_wconf 88' lang='lat' dir='ltr'><strong>lletu</strong></span> <span class='ocrx_word' id='word_1_13' title='bbox 290 475 428 535; x_wconf 79' lang='lat' dir='ltr'><strong>concussi</strong></span> <span class='ocrx_word' id='word_1_14' title='bbox 450 475 541 536; x_wconf 90' lang='lat' dir='ltr'><strong>animi</strong></span> <span class='ocrx_word' id='word_1_15' title='bbox 562 485 752 557; x_wconf 88' lang='lat' dir='ltr'><strong>maestusque</strong></span> <span class='ocrx_word' id='word_1_16' title='bbox 773 480 948 559; x_wconf 81' lang='lat' dir='ltr'><strong>peremnis</strong></span> 
     </span>
    </p>

    <p class='ocr_par' dir='ltr' id='par_1_3' title="bbox 116 555 909 710">
     <span class='ocr_line' id='line_1_4' title="bbox 116 555 909 643; baseline 0.016 -30"><span class='ocrx_word' id='word_1_17' title='bbox 116 562 140 614; x_wconf 88' lang='lat' dir='ltr'><strong>rt</strong></span> <span class='ocrx_word' id='word_1_18' title='bbox 161 555 301 633; x_wconf 81' lang='lat' dir='ltr'><strong>gemitus,</strong></span> <span class='ocrx_word' id='word_1_19' title='bbox 325 566 447 638; x_wconf 81' lang='lat' dir='ltr'><strong>torpent</strong></span> <span class='ocrx_word' id='word_1_20' title='bbox 469 560 611 625; x_wconf 76' lang='lat' dir='ltr'><strong>infractae</strong></span> <span class='ocrx_word' id='word_1_21' title='bbox 631 563 668 623; x_wconf 94' lang='lat' dir='ltr'><strong>ad</strong></span> <span class='ocrx_word' id='word_1_22' title='bbox 689 563 802 643; x_wconf 90' lang='lat' dir='ltr'><strong>proelia</strong></span> <span class='ocrx_word' id='word_1_23' title='bbox 824 564 909 626; x_wconf 89' lang='lat' dir='ltr'><strong>viras.</strong></span> 
     </span>
     <span class='ocr_line' id='line_1_5' title="bbox 117 638 837 710; baseline 0.015 -12"><span class='ocrx_word' id='word_1_24' title='bbox 117 638 195 700; x_wconf 91' lang='lat' dir='ltr'><strong>illam</strong></span> <span class='ocrx_word' id='word_1_25' title='bbox 218 641 427 705; x_wconf 84' lang='lat' dir='ltr'><strong>incendentem</strong></span> <span class='ocrx_word' id='word_1_26' title='bbox 449 645 549 707; x_wconf 87' lang='lat' dir='ltr'><strong>luctus</strong></span> <span class='ocrx_word' id='word_1_27' title='bbox 569 646 673 710; x_wconf 89' lang='lat' dir='ltr'><strong>ldaeus</strong></span> <span class='ocrx_word' id='word_1_28' title='bbox 694 658 725 710; x_wconf 88' lang='lat' dir='ltr'><strong>ct</strong></span> <span class='ocrx_word' id='word_1_29' title='bbox 745 650 837 710; x_wconf 79' lang='lat' dir='ltr'><strong>Actor</strong></span> 
     </span>
    </p>

    <p class='ocr_par' dir='ltr' id='par_1_4' title="bbox 116 723 933 899">
     <span class='ocr_line' id='line_1_6' title="bbox 116 723 837 795; baseline 0.015 -11"><span class='ocrx_word' id='word_1_30' title='bbox 116 723 221 786; x_wconf 89' lang='lat' dir='ltr'><strong>Ilionei</strong></span> <span class='ocrx_word' id='word_1_31' title='bbox 243 728 359 789; x_wconf 91' lang='lat' dir='ltr'><strong>monitu</strong></span> <span class='ocrx_word' id='word_1_32' title='bbox 382 738 411 790; x_wconf 91' lang='lat' dir='ltr'><strong>et</strong></span> <span class='ocrx_word' id='word_1_33' title='bbox 432 730 557 792; x_wconf 90' lang='lat' dir='ltr'><strong>multum</strong></span> <span class='ocrx_word' id='word_1_34' title='bbox 579 733 760 795; x_wconf 86' lang='lat' dir='ltr'><strong>lacrimantis</strong></span> <span class='ocrx_word' id='word_1_35' title='bbox 782 734 837 795; x_wconf 90' lang='lat' dir='ltr'><strong>luli</strong></span> 
     </span>
     <span class='ocr_line' id='line_1_7' title="bbox 117 811 933 899; baseline 0.013 -29"><span class='ocrx_word' id='word_1_36' title='bbox 117 811 284 889; x_wconf 91' lang='lat' dir='ltr'><strong>corripiunt</strong></span> <span class='ocrx_word' id='word_1_37' title='bbox 304 814 443 893; x_wconf 87' lang='lat' dir='ltr'><strong>interque</strong></span> <span class='ocrx_word' id='word_1_38' title='bbox 465 834 572 878; x_wconf 87' lang='lat' dir='ltr'><strong>manus</strong></span> <span class='ocrx_word' id='word_1_39' title='bbox 594 817 650 879; x_wconf 89' lang='lat' dir='ltr'><strong>sub</strong></span> <span class='ocrx_word' id='word_1_40' title='bbox 673 827 750 880; x_wconf 92' lang='lat' dir='ltr'><strong>tecta</strong></span> <span class='ocrx_word' id='word_1_41' title='bbox 771 829 933 899; x_wconf 85' lang='lat' dir='ltr'><strong>reponunt.</strong></span> 
     </span>
    </p>

    <p class='ocr_par' dir='ltr' id='par_1_5' title="bbox 111 898 1057 2768">
     <span class='ocr_line' id='line_1_8' title="bbox 201 898 1018 982; baseline 0.013 -25"><span class='ocrx_word' id='word_1_42' title='bbox 201 898 239 957; x_wconf 82' lang='lat' dir='ltr'><strong>At</strong></span> <span class='ocrx_word' id='word_1_43' title='bbox 260 898 330 959; x_wconf 92' lang='lat' dir='ltr'><strong>tuba</strong></span> <span class='ocrx_word' id='word_1_44' title='bbox 351 900 514 962; x_wconf 84' lang='lat' dir='ltr'><strong>terribilem</strong></span> <span class='ocrx_word' id='word_1_45' title='bbox 536 903 667 964; x_wconf 88' lang='lat' dir='ltr'><strong>sonitum</strong></span> <span class='ocrx_word' id='word_1_46' title='bbox 688 905 794 982; x_wconf 88' lang='lat' dir='ltr'><strong>procul</strong></span> <span class='ocrx_word' id='word_1_47' title='bbox 816 923 885 966; x_wconf 90' lang='lat' dir='ltr'><strong>aere</strong></span> <span class='ocrx_word' id='word_1_48' title='bbox 907 925 1018 968; x_wconf 85' lang='lat' dir='ltr'><strong>canoro</strong></span> 
     </span>
     <span class='ocr_line' id='line_1_9' title="bbox 115 981 924 1070; baseline 0.014 -29"><span class='ocrx_word' id='word_1_49' title='bbox 115 981 279 1061; x_wconf 79' lang='lat' dir='ltr'><strong>increpuit,</strong></span> <span class='ocrx_word' id='word_1_50' title='bbox 301 987 437 1065; x_wconf 91' lang='lat' dir='ltr'><strong>sequitur</strong></span> <span class='ocrx_word' id='word_1_51' title='bbox 459 986 569 1047; x_wconf 90' lang='lat' dir='ltr'><strong>clamor</strong></span> <span class='ocrx_word' id='word_1_52' title='bbox 591 989 766 1067; x_wconf 89' lang='lat' dir='ltr'><strong>caelumque</strong></span> <span class='ocrx_word' id='word_1_53' title='bbox 788 991 924 1070; x_wconf 79' lang='lat' dir='ltr'><strong>remugit.</strong></span> 
     </span>
     <span class='ocr_line' id='line_1_10' title="bbox 115 1069 791 1150; baseline 0.004 -19"><span class='ocrx_word' id='word_1_54' title='bbox 115 1069 283 1132; x_wconf 90' lang='lat' dir='ltr'><strong>adcelerant</strong></span> <span class='ocrx_word' id='word_1_55' title='bbox 304 1081 368 1132; x_wconf 90' lang='lat' dir='ltr'><strong>acta</strong></span> <span class='ocrx_word' id='word_1_56' title='bbox 390 1071 500 1150; x_wconf 91' lang='lat' dir='ltr'><strong>pariter</strong></span> <span class='ocrx_word' id='word_1_57' title='bbox 522 1073 670 1135; x_wconf 88' lang='lat' dir='ltr'><strong>testudine</strong></span> <span class='ocrx_word' id='word_1_58' title='bbox 692 1074 791 1136; x_wconf 84' lang='lat' dir='ltr'><strong>Volsci</strong></span> 
     </span>
     <span class='ocr_line' id='line_1_11' title="bbox 116 1158 853 1237; baseline 0.004 -21"><span class='ocrx_word' id='word_1_59' title='bbox 116 1164 145 1216; x_wconf 89' lang='lat' dir='ltr'><strong>ct</strong></span> <span class='ocrx_word' id='word_1_60' title='bbox 166 1158 259 1219; x_wconf 87' lang='lat' dir='ltr'><strong>lossas</strong></span> <span class='ocrx_word' id='word_1_61' title='bbox 281 1158 404 1237; x_wconf 90' lang='lat' dir='ltr'><strong>implere</strong></span> <span class='ocrx_word' id='word_1_62' title='bbox 425 1166 532 1237; x_wconf 92' lang='lat' dir='ltr'><strong>parant</strong></span> <span class='ocrx_word' id='word_1_63' title='bbox 553 1176 587 1218; x_wconf 92' lang='lat' dir='ltr'><strong>ac</strong></span> <span class='ocrx_word' id='word_1_64' title='bbox 609 1159 716 1220; x_wconf 91' lang='lat' dir='ltr'><strong>vellere</strong></span> <span class='ocrx_word' id='word_1_65' title='bbox 736 1159 853 1220; x_wconf 92' lang='lat' dir='ltr'><strong>vallum.</strong></span> 
     </span>
     <span class='ocr_line' id='line_1_12' title="bbox 116 1242 969 1322; baseline 0.005 -20"><span class='ocrx_word' id='word_1_66' title='bbox 116 1250 264 1320; x_wconf 89' lang='lat' dir='ltr'><strong>quaerunt</strong></span> <span class='ocrx_word' id='word_1_67' title='bbox 285 1261 354 1322; x_wconf 91' lang='lat' dir='ltr'><strong>pars</strong></span> <span class='ocrx_word' id='word_1_68' title='bbox 376 1242 487 1303; x_wconf 91' lang='lat' dir='ltr'><strong>aditum</strong></span> <span class='ocrx_word' id='word_1_69' title='bbox 509 1250 538 1303; x_wconf 88' lang='lat' dir='ltr'><strong>ct</strong></span> <span class='ocrx_word' id='word_1_70' title='bbox 559 1243 645 1305; x_wconf 87' lang='lat' dir='ltr'><strong>scalis</strong></span> <span class='ocrx_word' id='word_1_71' title='bbox 667 1244 827 1306; x_wconf 88' lang='lat' dir='ltr'><strong>ascendere</strong></span> <span class='ocrx_word' id='word_1_72' title='bbox 849 1262 969 1318; x_wconf 88' lang='lat' dir='ltr'><strong>muros,</strong></span> 
     </span>
     <span class='ocr_line' id='line_1_13' title="bbox 116 1327 802 1406; baseline 0.006 -20"><span class='ocrx_word' id='word_1_73' title='bbox 116 1345 173 1405; x_wconf 92' lang='lat' dir='ltr'><strong>qua</strong></span> <span class='ocrx_word' id='word_1_74' title='bbox 196 1346 262 1388; x_wconf 90' lang='lat' dir='ltr'><strong>rara</strong></span> <span class='ocrx_word' id='word_1_75' title='bbox 284 1339 329 1389; x_wconf 90' lang='lat' dir='ltr'><strong>est</strong></span> <span class='ocrx_word' id='word_1_76' title='bbox 350 1329 428 1389; x_wconf 89' lang='lat' dir='ltr'><strong>acies</strong></span> <span class='ocrx_word' id='word_1_77' title='bbox 449 1327 668 1406; x_wconf 84' lang='lat' dir='ltr'><strong>interlucetque</strong></span> <span class='ocrx_word' id='word_1_78' title='bbox 689 1347 802 1391; x_wconf 85' lang='lat' dir='ltr'><strong>corona</strong></span> 
     </span>
     <span class='ocr_line' id='line_1_14' title="bbox 116 1412 949 1493; baseline 0.001 -20"><span class='ocrx_word' id='word_1_79' title='bbox 116 1432 178 1473; x_wconf 93' lang='lat' dir='ltr'><strong>non</strong></span> <span class='ocrx_word' id='word_1_80' title='bbox 200 1421 259 1473; x_wconf 93' lang='lat' dir='ltr'><strong>tam</strong></span> <span class='ocrx_word' id='word_1_81' title='bbox 281 1413 375 1493; x_wconf 91' lang='lat' dir='ltr'><strong>spissa</strong></span> <span class='ocrx_word' id='word_1_82' title='bbox 395 1413 474 1474; x_wconf 92' lang='lat' dir='ltr'><strong>viris.</strong></span> <span class='ocrx_word' id='word_1_83' title='bbox 517 1412 646 1475; x_wconf 87' lang='lat' dir='ltr'><strong>telorum</strong></span> <span class='ocrx_word' id='word_1_84' title='bbox 668 1415 822 1476; x_wconf 83' lang='lat' dir='ltr'><strong>effundere</strong></span> <span class='ocrx_word' id='word_1_85' title='bbox 844 1424 949 1476; x_wconf 84' lang='lat' dir='ltr'><strong>contra</strong></span> 
     </span>
     <span class='ocr_line' id='line_1_15' title="bbox 116 1498 910 1577; baseline 0.004 -19"><span class='ocrx_word' id='word_1_86' title='bbox 116 1516 204 1558; x_wconf 92' lang='lat' dir='ltr'><strong>omne</strong></span> <span class='ocrx_word' id='word_1_87' title='bbox 226 1517 322 1577; x_wconf 83' lang='lat' dir='ltr'><strong>genus</strong></span> <span class='ocrx_word' id='word_1_88' title='bbox 344 1498 451 1560; x_wconf 84' lang='lat' dir='ltr'><strong>Teucri</strong></span> <span class='ocrx_word' id='word_1_89' title='bbox 472 1516 507 1559; x_wconf 85' lang='lat' dir='ltr'><strong>ac</strong></span> <span class='ocrx_word' id='word_1_90' title='bbox 528 1498 610 1561; x_wconf 89' lang='lat' dir='ltr'><strong>duris</strong></span> <span class='ocrx_word' id='word_1_91' title='bbox 631 1499 790 1561; x_wconf 79' lang='lat' dir='ltr'><strong>detrudere</strong></span> <span class='ocrx_word' id='word_1_92' title='bbox 812 1500 910 1561; x_wconf 74' lang='lat' dir='ltr'><strong>conde</strong></span> 
     </span>
     <span class='ocr_line' id='line_1_16' title="bbox 115 1583 755 1662; baseline 0.002 -19"><span class='ocrx_word' id='word_1_93' title='bbox 115 1583 228 1645; x_wconf 89' lang='lat' dir='ltr'><strong>adsueti</strong></span> <span class='ocrx_word' id='word_1_94' title='bbox 249 1584 340 1662; x_wconf 84' lang='lat' dir='ltr'><strong>longo</strong></span> <span class='ocrx_word' id='word_1_95' title='bbox 363 1602 464 1646; x_wconf 90' lang='lat' dir='ltr'><strong>muros</strong></span> <span class='ocrx_word' id='word_1_96' title='bbox 485 1584 645 1645; x_wconf 88' lang='lat' dir='ltr'><strong>defendere</strong></span> <span class='ocrx_word' id='word_1_97' title='bbox 667 1583 755 1646; x_wconf 87' lang='lat' dir='ltr'><strong>bello.</strong></span> 
     </span>
     <span class='ocr_line' id='line_1_17' title="bbox 115 1669 929 1749; baseline -0.001 -19"><span class='ocrx_word' id='word_1_98' title='bbox 115 1687 182 1730; x_wconf 84' lang='lat' dir='ltr'><strong>saxa</strong></span> <span class='ocrx_word' id='word_1_99' title='bbox 205 1688 324 1749; x_wconf 91' lang='lat' dir='ltr'><strong>quoque</strong></span> <span class='ocrx_word' id='word_1_100' title='bbox 346 1670 454 1731; x_wconf 82' lang='lat' dir='ltr'><strong>infesto</strong></span> <span class='ocrx_word' id='word_1_101' title='bbox 475 1669 630 1730; x_wconf 81' lang='lat' dir='ltr'><strong>volvebant</strong></span> <span class='ocrx_word' id='word_1_102' title='bbox 652 1671 801 1748; x_wconf 88' lang='lat' dir='ltr'><strong>pondere,</strong></span> <span class='ocrx_word' id='word_1_103' title='bbox 824 1669 929 1748; x_wconf 86' lang='lat' dir='ltr'><strong>si-qua</strong></span> 
     </span>
     <span class='ocr_line' id='line_1_18' title="bbox 114 1755 1045 1835; baseline -0.001 -19"><span class='ocrx_word' id='word_1_104' title='bbox 114 1763 237 1835; x_wconf 82' lang='lat' dir='ltr'><strong>possent</strong></span> <span class='ocrx_word' id='word_1_105' title='bbox 257 1763 365 1816; x_wconf 89' lang='lat' dir='ltr'><strong>tectam</strong></span> <span class='ocrx_word' id='word_1_106' title='bbox 386 1755 479 1816; x_wconf 91' lang='lat' dir='ltr'><strong>aciem</strong></span> <span class='ocrx_word' id='word_1_107' title='bbox 501 1773 711 1834; x_wconf 83' lang='lat' dir='ltr'><strong>perrumpere,</strong></span> <span class='ocrx_word' id='word_1_108' title='bbox 733 1773 802 1816; x_wconf 85' lang='lat' dir='ltr'><strong>oum</strong></span> <span class='ocrx_word' id='word_1_109' title='bbox 823 1762 922 1815; x_wconf 89' lang='lat' dir='ltr'><strong>tamen</strong></span> <span class='ocrx_word' id='word_1_110' title='bbox 946 1755 1045 1815; x_wconf 88' lang='lat' dir='ltr'><strong>omnis</strong></span> 
     </span>
     <span class='ocr_line' id='line_1_19' title="bbox 114 1839 818 1902; baseline 0 -2"><span class='ocrx_word' id='word_1_111' title='bbox 114 1841 192 1900; x_wconf 89' lang='lat' dir='ltr'><strong>lerre</strong></span> <span class='ocrx_word' id='word_1_112' title='bbox 213 1841 292 1901; x_wconf 92' lang='lat' dir='ltr'><strong>iuvat</strong></span> <span class='ocrx_word' id='word_1_113' title='bbox 314 1839 417 1902; x_wconf 88' lang='lat' dir='ltr'><strong>subter</strong></span> <span class='ocrx_word' id='word_1_114' title='bbox 438 1841 529 1901; x_wconf 89' lang='lat' dir='ltr'><strong>densa</strong></span> <span class='ocrx_word' id='word_1_115' title='bbox 551 1840 701 1901; x_wconf 89' lang='lat' dir='ltr'><strong>testudine</strong></span> <span class='ocrx_word' id='word_1_116' title='bbox 723 1859 818 1902; x_wconf 88' lang='lat' dir='ltr'><strong>casus.</strong></span> 
     </span>
     <span class='ocr_line' id='line_1_20' title="bbox 116 1923 1057 2004; baseline 0 -19"><span class='ocrx_word' id='word_1_117' title='bbox 116 1944 171 1986; x_wconf 90' lang='lat' dir='ltr'><strong>nec</strong></span> <span class='ocrx_word' id='word_1_118' title='bbox 194 1926 251 1986; x_wconf 91' lang='lat' dir='ltr'><strong>iam</strong></span> <span class='ocrx_word' id='word_1_119' title='bbox 273 1926 434 1988; x_wconf 84' lang='lat' dir='ltr'><strong>sufficiunt.</strong></span> <span class='ocrx_word' id='word_1_120' title='bbox 478 1943 546 1985; x_wconf 92' lang='lat' dir='ltr'><strong>nam</strong></span> <span class='ocrx_word' id='word_1_121' title='bbox 569 1943 628 2002; x_wconf 93' lang='lat' dir='ltr'><strong>qua</strong></span> <span class='ocrx_word' id='word_1_122' title='bbox 649 1924 755 2004; x_wconf 79' lang='lat' dir='ltr'><strong>globus</strong></span> <span class='ocrx_word' id='word_1_123' title='bbox 776 1923 912 1985; x_wconf 87' lang='lat' dir='ltr'><strong>imminet</strong></span> <span class='ocrx_word' id='word_1_124' title='bbox 932 1925 1057 2003; x_wconf 85' lang='lat' dir='ltr'><strong>ingens,</strong></span> 
     </span>
     <span class='ocr_line' id='line_1_21' title="bbox 114 2009 923 2089; baseline 0 -19"><span class='ocrx_word' id='word_1_125' title='bbox 114 2011 275 2072; x_wconf 88' lang='lat' dir='ltr'><strong>immanem</strong></span> <span class='ocrx_word' id='word_1_126' title='bbox 297 2011 402 2073; x_wconf 84' lang='lat' dir='ltr'><strong>Teucri</strong></span> <span class='ocrx_word' id='word_1_127' title='bbox 425 2011 533 2073; x_wconf 88' lang='lat' dir='ltr'><strong>molam</strong></span> <span class='ocrx_word' id='word_1_128' title='bbox 555 2009 736 2089; x_wconf 83' lang='lat' dir='ltr'><strong>volvuntque</strong></span> <span class='ocrx_word' id='word_1_129' title='bbox 757 2018 923 2088; x_wconf 91' lang='lat' dir='ltr'><strong>ruuntque,</strong></span> 
     </span>
     <span class='ocr_line' id='line_1_22' title="bbox 113 2095 911 2174; baseline -0.003 -17"><span class='ocrx_word' id='word_1_130' title='bbox 113 2114 189 2174; x_wconf 92' lang='lat' dir='ltr'><strong>quae</strong></span> <span class='ocrx_word' id='word_1_131' title='bbox 211 2096 313 2158; x_wconf 92' lang='lat' dir='ltr'><strong>stravit</strong></span> <span class='ocrx_word' id='word_1_132' title='bbox 332 2096 459 2158; x_wconf 88' lang='lat' dir='ltr'><strong>Rutulos</strong></span> <span class='ocrx_word' id='word_1_133' title='bbox 480 2097 536 2156; x_wconf 90' lang='lat' dir='ltr'><strong>late</strong></span> <span class='ocrx_word' id='word_1_134' title='bbox 559 2113 768 2174; x_wconf 87' lang='lat' dir='ltr'><strong>armorumque</strong></span> <span class='ocrx_word' id='word_1_135' title='bbox 790 2095 911 2156; x_wconf 88' lang='lat' dir='ltr'><strong>resolvit</strong></span> 
     </span>
     <span class='ocr_line' id='line_1_23' title="bbox 112 2180 914 2261; baseline -0.002 -19"><span class='ocrx_word' id='word_1_136' title='bbox 112 2183 252 2261; x_wconf 84' lang='lat' dir='ltr'><strong>tegmina.</strong></span> <span class='ocrx_word' id='word_1_137' title='bbox 296 2200 353 2243; x_wconf 86' lang='lat' dir='ltr'><strong>nec</strong></span> <span class='ocrx_word' id='word_1_138' title='bbox 376 2192 481 2243; x_wconf 86' lang='lat' dir='ltr'><strong>curant</strong></span> <span class='ocrx_word' id='word_1_139' title='bbox 503 2199 592 2242; x_wconf 87' lang='lat' dir='ltr'><strong>caeco</strong></span> <span class='ocrx_word' id='word_1_140' title='bbox 615 2181 798 2242; x_wconf 87' lang='lat' dir='ltr'><strong>contendere</strong></span> <span class='ocrx_word' id='word_1_141' title='bbox 820 2180 914 2240; x_wconf 87' lang='lat' dir='ltr'><strong>Marte</strong></span> 
     </span>
     <span class='ocr_line' id='line_1_24' title="bbox 114 2265 827 2348; baseline 0 -21"><span class='ocrx_word' id='word_1_142' title='bbox 114 2268 239 2348; x_wconf 92' lang='lat' dir='ltr'><strong>amplius</strong></span> <span class='ocrx_word' id='word_1_143' title='bbox 261 2268 387 2329; x_wconf 83' lang='lat' dir='ltr'><strong>audaces</strong></span> <span class='ocrx_word' id='word_1_144' title='bbox 408 2266 524 2340; x_wconf 86' lang='lat' dir='ltr'><strong>Rutuli,</strong></span> <span class='ocrx_word' id='word_1_145' title='bbox 547 2267 598 2328; x_wconf 89' lang='lat' dir='ltr'><strong>sed</strong></span> <span class='ocrx_word' id='word_1_146' title='bbox 620 2265 731 2345; x_wconf 88' lang='lat' dir='ltr'><strong>pellere</strong></span> <span class='ocrx_word' id='word_1_147' title='bbox 752 2266 827 2327; x_wconf 89' lang='lat' dir='ltr'><strong>vallo</strong></span> 
     </span>
     <span class='ocr_line' id='line_1_25' title="bbox 113 2352 771 2421; baseline 0 -9"><span class='ocrx_word' id='word_1_148' title='bbox 113 2352 271 2414; x_wconf 89' lang='lat' dir='ltr'><strong>missilibus</strong></span> <span class='ocrx_word' id='word_1_149' title='bbox 293 2361 416 2412; x_wconf 89' lang='lat' dir='ltr'><strong>certant.</strong></span> <span class='ocrx_word' id='word_1_150' title='bbox 769 2416 771 2421; x_wconf 62' lang='grc'>,</span> 
     </span>
     <span class='ocr_line' id='line_1_26' title="bbox 112 2434 899 2517; baseline -0.004 -19"><span class='ocrx_word' id='word_1_151' title='bbox 112 2446 196 2517; x_wconf 91' lang='lat' dir='ltr'><strong>parte</strong></span> <span class='ocrx_word' id='word_1_152' title='bbox 217 2438 271 2498; x_wconf 92' lang='lat' dir='ltr'><strong>alia</strong></span> <span class='ocrx_word' id='word_1_153' title='bbox 293 2436 460 2498; x_wconf 90' lang='lat' dir='ltr'><strong>horrendus</strong></span> <span class='ocrx_word' id='word_1_154' title='bbox 480 2436 545 2497; x_wconf 88' lang='lat' dir='ltr'><strong>visu</strong></span> <span class='ocrx_word' id='word_1_155' title='bbox 567 2434 724 2515; x_wconf 84' lang='lat' dir='ltr'><strong>quassabat</strong></span> <span class='ocrx_word' id='word_1_156' title='bbox 745 2434 899 2496; x_wconf 87' lang='lat' dir='ltr'><strong>Etruscam</strong></span> 
     </span>
     <span class='ocr_line' id='line_1_27' title="bbox 112 2519 855 2601; baseline -0.003 -18"><span class='ocrx_word' id='word_1_157' title='bbox 112 2524 217 2601; x_wconf 90' lang='lat' dir='ltr'><strong>pinum</strong></span> <span class='ocrx_word' id='word_1_158' title='bbox 240 2532 270 2583; x_wconf 93' lang='lat' dir='ltr'><strong>et</strong></span> <span class='ocrx_word' id='word_1_159' title='bbox 291 2522 445 2583; x_wconf 81' lang='lat' dir='ltr'><strong>fumiferos</strong></span> <span class='ocrx_word' id='word_1_160' title='bbox 466 2521 557 2582; x_wconf 89' lang='lat' dir='ltr'><strong>inlert</strong></span> <span class='ocrx_word' id='word_1_161' title='bbox 578 2521 740 2583; x_wconf 77' lang='lat' dir='ltr'><strong>Mezentius</strong></span> <span class='ocrx_word' id='word_1_162' title='bbox 762 2519 855 2598; x_wconf 79' lang='lat' dir='ltr'><strong>ignis3</strong></span> 
     </span>
     <span class='ocr_line' id='line_1_28' title="bbox 113 2604 920 2686; baseline -0.001 -20"><span class='ocrx_word' id='word_1_163' title='bbox 113 2616 143 2667; x_wconf 92' lang='lat' dir='ltr'><strong>at</strong></span> <span class='ocrx_word' id='word_1_164' title='bbox 163 2607 315 2686; x_wconf 89' lang='lat' dir='ltr'><strong>Messapus</strong></span> <span class='ocrx_word' id='word_1_165' title='bbox 337 2624 447 2684; x_wconf 91' lang='lat' dir='ltr'><strong>equum</strong></span> <span class='ocrx_word' id='word_1_166' title='bbox 469 2605 611 2679; x_wconf 92' lang='lat' dir='ltr'><strong>domitor,</strong></span> <span class='ocrx_word' id='word_1_167' title='bbox 633 2605 783 2685; x_wconf 81' lang='lat' dir='ltr'><strong>Neptunia</strong></span> <span class='ocrx_word' id='word_1_168' title='bbox 804 2604 920 2684; x_wconf 73' lang='lat' dir='ltr'><strong>proles,</strong></span> 
     </span>
     <span class='ocr_line' id='line_1_29' title="bbox 111 2689 870 2768; baseline -0.004 -15"><span class='ocrx_word' id='word_1_169' title='bbox 111 2692 254 2753; x_wconf 90' lang='lat' dir='ltr'><strong>rescindit</strong></span> <span class='ocrx_word' id='word_1_170' title='bbox 275 2693 381 2753; x_wconf 89' lang='lat' dir='ltr'><strong>vallum</strong></span> <span class='ocrx_word' id='word_1_171' title='bbox 405 2701 435 2752; x_wconf 92' lang='lat' dir='ltr'><strong>et</strong></span> <span class='ocrx_word' id='word_1_172' title='bbox 456 2691 549 2752; x_wconf 90' lang='lat' dir='ltr'><strong>scalas</strong></span> <span class='ocrx_word' id='word_1_173' title='bbox 571 2691 603 2751; x_wconf 91' lang='lat' dir='ltr'><strong>in</strong></span> <span class='ocrx_word' id='word_1_174' title='bbox 626 2690 742 2751; x_wconf 88' lang='lat' dir='ltr'><strong>moenia</strong></span> <span class='ocrx_word' id='word_1_175' title='bbox 764 2689 870 2768; x_wconf 82' lang='lat' dir='ltr'><strong>poscit.</strong></span> 
     </span>
    </p>

    <p class='ocr_par' dir='ltr' id='par_1_6' title="bbox 111 2773 1027 3194">
     <span class='ocr_line' id='line_1_30' title="bbox 196 2773 948 2857; baseline -0.004 -21"><span class='ocrx_word' id='word_1_176' title='bbox 196 2777 269 2853; x_wconf 81' lang='lat' dir='ltr'><strong>Vos,</strong></span> <span class='ocrx_word' id='word_1_177' title='bbox 293 2797 310 2839; x_wconf 96' lang='lat' dir='ltr'><strong>o</strong></span> <span class='ocrx_word' id='word_1_178' title='bbox 334 2777 477 2857; x_wconf 85' lang='lat' dir='ltr'><strong>Calliope,</strong></span> <span class='ocrx_word' id='word_1_179' title='bbox 499 2794 622 2857; x_wconf 89' lang='lat' dir='ltr'><strong>precor,</strong></span> <span class='ocrx_word' id='word_1_180' title='bbox 645 2775 793 2855; x_wconf 88' lang='lat' dir='ltr'><strong>adspirate</strong></span> <span class='ocrx_word' id='word_1_181' title='bbox 814 2773 948 2847; x_wconf 88' lang='lat' dir='ltr'><strong>canenti,</strong></span> 
     </span>
     <span class='ocr_line' id='line_1_31' title="bbox 112 2859 1027 2942; baseline -0.012 -17"><span class='ocrx_word' id='word_1_182' title='bbox 112 2881 185 2942; x_wconf 89' lang='lat' dir='ltr'><strong>quaa</strong></span> <span class='ocrx_word' id='word_1_183' title='bbox 207 2863 248 2924; x_wconf 95' lang='lat' dir='ltr'><strong>ibi</strong></span> <span class='ocrx_word' id='word_1_184' title='bbox 270 2870 333 2924; x_wconf 92' lang='lat' dir='ltr'><strong>tum</strong></span> <span class='ocrx_word' id='word_1_185' title='bbox 355 2864 435 2924; x_wconf 84' lang='lat' dir='ltr'><strong>ferro</strong></span> <span class='ocrx_word' id='word_1_186' title='bbox 457 2871 584 2942; x_wconf 81' lang='lat' dir='ltr'><strong>strages,</strong></span> <span class='ocrx_word' id='word_1_187' title='bbox 607 2879 684 2938; x_wconf 90' lang='lat' dir='ltr'><strong>quae</strong></span> <span class='ocrx_word' id='word_1_188' title='bbox 705 2861 810 2921; x_wconf 85' lang='lat' dir='ltr'><strong>lunera</strong></span> <span class='ocrx_word' id='word_1_189' title='bbox 832 2859 952 2920; x_wconf 78' lang='lat' dir='ltr'><strong>Turnus</strong></span> <span class='ocrx_word' id='word_1_190' title='bbox 1024 2904 1027 2913; x_wconf 92' lang='lat'>.</span> 
     </span>
     <span class='ocr_line' id='line_1_32' title="bbox 112 2944 915 3028; baseline -0.007 -18"><span class='ocrx_word' id='word_1_191' title='bbox 112 2948 249 3024; x_wconf 90' lang='lat' dir='ltr'><strong>ediderit,</strong></span> <span class='ocrx_word' id='word_1_192' title='bbox 273 2966 361 3028; x_wconf 90' lang='lat' dir='ltr'><strong>quem</strong></span> <span class='ocrx_word' id='word_1_193' title='bbox 385 2948 510 3028; x_wconf 90' lang='lat' dir='ltr'><strong>quisque</strong></span> <span class='ocrx_word' id='word_1_194' title='bbox 531 2947 628 3008; x_wconf 77' lang='lat' dir='ltr'><strong>vuum</strong></span> <span class='ocrx_word' id='word_1_195' title='bbox 649 2945 798 3007; x_wconf 84' lang='lat' dir='ltr'><strong>demiserit</strong></span> <span class='ocrx_word' id='word_1_196' title='bbox 820 2944 915 3017; x_wconf 78' lang='lat' dir='ltr'><strong>Orco,</strong></span> 
     </span>
     <span class='ocr_line' id='line_1_33' title="bbox 112 3029 771 3114; baseline -0.006 -20"><span class='ocrx_word' id='word_1_197' title='bbox 112 3042 141 3094; x_wconf 93' lang='lat' dir='ltr'><strong>et</strong></span> <span class='ocrx_word' id='word_1_198' title='bbox 162 3052 279 3094; x_wconf 91' lang='lat' dir='ltr'><strong>mecum</strong></span> <span class='ocrx_word' id='word_1_199' title='bbox 300 3034 431 3114; x_wconf 79' lang='lat' dir='ltr'><strong>ingentis</strong></span> <span class='ocrx_word' id='word_1_200' title='bbox 453 3051 521 3094; x_wconf 88' lang='lat' dir='ltr'><strong>oras</strong></span> <span class='ocrx_word' id='word_1_201' title='bbox 542 3030 664 3092; x_wconf 88' lang='lat' dir='ltr'><strong>evolvite</strong></span> <span class='ocrx_word' id='word_1_202' title='bbox 687 3029 771 3091; x_wconf 89' lang='lat' dir='ltr'><strong>bellil</strong></span> 
     </span>
     <span class='ocr_line' id='line_1_34' title="bbox 111 3117 1002 3194; baseline -0.006 -16"><span class='ocrx_word' id='word_1_203' title='bbox 111 3128 139 3179; x_wconf 87' lang='lat' dir='ltr'><strong>et</strong></span> <span class='ocrx_word' id='word_1_204' title='bbox 160 3123 331 3180; x_wconf 77' lang='lat' dir='ltr'><strong>meministis</strong></span> <span class='ocrx_word' id='word_1_205' title='bbox 352 3122 445 3188; x_wconf 78' lang='lat' dir='ltr'><strong>enim,</strong></span> <span class='ocrx_word' id='word_1_206' title='bbox 468 3119 563 3189; x_wconf 80' lang='lat' dir='ltr'><strong>dioec,</strong></span> <span class='ocrx_word' id='word_1_207' title='bbox 585 3125 613 3176; x_wconf 84' lang='lat' dir='ltr'><strong>ot</strong></span> <span class='ocrx_word' id='word_1_208' title='bbox 633 3132 792 3178; x_wconf 69' lang='lat' dir='ltr'><strong>memorare</strong></span> <span class='ocrx_word' id='word_1_209' title='bbox 810 3117 937 3194; x_wconf 70' lang='lat' dir='ltr'><strong>potcstd.</strong></span> <span class='ocrx_word' id='word_1_210' title='bbox 995 3140 1002 3159; x_wconf 86' lang='lat'><strong>··</strong></span> 
     </span>
    </p>

    <p class='ocr_par' dir='ltr' id='par_1_7' title="bbox 110 3197 1001 3623">
     <span class='ocr_line' id='line_1_35' title="bbox 196 3197 1001 3280; baseline -0.006 -17"><span class='ocrx_word' id='word_1_211' title='bbox 196 3203 300 3264; x_wconf 85' lang='lat' dir='ltr'><strong>Turris</strong></span> <span class='ocrx_word' id='word_1_212' title='bbox 321 3212 386 3264; x_wconf 91' lang='lat' dir='ltr'><strong>erat</strong></span> <span class='ocrx_word' id='word_1_213' title='bbox 405 3210 486 3263; x_wconf 91' lang='lat' dir='ltr'><strong>vasto</strong></span> <span class='ocrx_word' id='word_1_214' title='bbox 507 3209 649 3280; x_wconf 87' lang='lat' dir='ltr'><strong>suspectu</strong></span> <span class='ocrx_word' id='word_1_215' title='bbox 668 3209 699 3262; x_wconf 89' lang='lat' dir='ltr'><strong>et</strong></span> <span class='ocrx_word' id='word_1_216' title='bbox 721 3198 863 3280; x_wconf 79' lang='lat' dir='ltr'><strong>pontibus</strong></span> <span class='ocrx_word' id='word_1_217' title='bbox 885 3197 965 3270; x_wconf 85' lang='lat' dir='ltr'><strong>altis,</strong></span> <span class='ocrx_word' id='word_1_218' title='bbox 995 3234 1001 3245; x_wconf 82' lang='lat'>-</span> 
     </span>
     <span class='ocr_line' id='line_1_36' title="bbox 111 3285 899 3366; baseline -0.005 -18"><span class='ocrx_word' id='word_1_219' title='bbox 111 3294 280 3366; x_wconf 91' lang='lat' dir='ltr'><strong>opportuna</strong></span> <span class='ocrx_word' id='word_1_220' title='bbox 302 3287 384 3362; x_wconf 89' lang='lat' dir='ltr'><strong>loeo,</strong></span> <span class='ocrx_word' id='word_1_221' title='bbox 407 3287 529 3349; x_wconf 90' lang='lat' dir='ltr'><strong>summis</strong></span> <span class='ocrx_word' id='word_1_222' title='bbox 552 3304 639 3366; x_wconf 88' lang='lat' dir='ltr'><strong>quam</strong></span> <span class='ocrx_word' id='word_1_223' title='bbox 661 3285 772 3347; x_wconf 88' lang='lat' dir='ltr'><strong>viribus</strong></span> <span class='ocrx_word' id='word_1_224' title='bbox 794 3302 899 3346; x_wconf 87' lang='lat' dir='ltr'><strong>omnes</strong></span> 
     </span>
     <span class='ocr_line' id='line_1_37' title="bbox 111 3369 880 3452; baseline -0.008 -18"><span class='ocrx_word' id='word_1_225' title='bbox 111 3390 282 3452; x_wconf 80' lang='lat' dir='ltr'><strong>expugnare</strong></span> <span class='ocrx_word' id='word_1_226' title='bbox 303 3372 367 3433; x_wconf 92' lang='lat' dir='ltr'><strong>ltali</strong></span> <span class='ocrx_word' id='word_1_227' title='bbox 389 3390 562 3450; x_wconf 86' lang='lat' dir='ltr'><strong>summaque</strong></span> <span class='ocrx_word' id='word_1_228' title='bbox 585 3380 716 3433; x_wconf 89' lang='lat' dir='ltr'><strong>avertere</strong></span> <span class='ocrx_word' id='word_1_229' title='bbox 739 3388 830 3450; x_wconf 79' lang='lat' dir='ltr'><strong>opaan</strong></span> <span class='ocrx_word' id='word_1_230' title='bbox 852 3369 880 3428; x_wconf 93' lang='lat' dir='ltr'><strong>vi</strong></span> 
     </span>
     <span class='ocr_line' id='line_1_38' title="bbox 111 3456 800 3531; baseline -0.006 -11"><span class='ocrx_word' id='word_1_231' title='bbox 111 3458 277 3531; x_wconf 89' lang='lat' dir='ltr'><strong>certabant,</strong></span> <span class='ocrx_word' id='word_1_232' title='bbox 301 3457 394 3519; x_wconf 86' lang='lat' dir='ltr'><strong>Troes</strong></span> <span class='ocrx_word' id='word_1_233' title='bbox 416 3465 520 3519; x_wconf 90' lang='lat' dir='ltr'><strong>contra</strong></span> <span class='ocrx_word' id='word_1_234' title='bbox 542 3457 702 3519; x_wconf 80' lang='lat' dir='ltr'><strong>detondere</strong></span> <span class='ocrx_word' id='word_1_235' title='bbox 724 3456 800 3517; x_wconf 86' lang='lat' dir='ltr'><strong>saxis</strong></span> 
     </span>
     <span class='ocr_line' id='line_1_39' title="bbox 110 3541 883 3623; baseline -0.009 -19"><span class='ocrx_word' id='word_1_236' title='bbox 110 3562 222 3623; x_wconf 89' lang='lat' dir='ltr'><strong>perque</strong></span> <span class='ocrx_word' id='word_1_237' title='bbox 244 3559 327 3603; x_wconf 86' lang='lat' dir='ltr'><strong>cavas</strong></span> <span class='ocrx_word' id='word_1_238' title='bbox 349 3543 433 3604; x_wconf 87' lang='lat' dir='ltr'><strong>densi</strong></span> <span class='ocrx_word' id='word_1_239' title='bbox 455 3543 513 3604; x_wconf 92' lang='lat' dir='ltr'><strong>tela</strong></span> <span class='ocrx_word' id='word_1_240' title='bbox 534 3543 708 3620; x_wconf 86' lang='lat' dir='ltr'><strong>intorquere</strong></span> <span class='ocrx_word' id='word_1_241' title='bbox 729 3541 883 3602; x_wconf 83' lang='lat' dir='ltr'><strong>fanestras.</strong></span> 
     </span>
    </p>
   </div>
   <div class='ocr_carea' id='block_1_3' title="bbox 108 3678 1188 3965">
    <p class='ocr_par' dir='ltr' id='par_1_8' title="bbox 108 3678 1188 3965">
     <span class='ocr_line' id='line_1_40' title="bbox 195 3678 1188 3759; baseline -0.014 -13"><span class='ocrx_word' id='word_1_242' title='bbox 195 3694 501 3759; x_wconf 67' lang='lat' dir='ltr'><strong>bttbpanterlpartiml</strong></span> <span class='ocrx_word' id='word_1_243' title='bbox 552 3693 603 3744; x_wconf 74' lang='lat'><strong>513</strong></span> <span class='ocrx_word' id='word_1_244' title='bbox 616 3688 851 3755; x_wconf 78' lang='lat' dir='ltr'><strong>cum1numllibb.</strong></span> <span class='ocrx_word' id='word_1_245' title='bbox 885 3678 966 3753; x_wconf 68' lang='lat' dir='ltr'><strong>‘quam</strong></span> <span class='ocrx_word' id='word_1_246' title='bbox 979 3683 1088 3743; x_wconf 78' lang='lat' dir='ltr'><strong>Scbrad.</strong></span> <span class='ocrx_word' id='word_1_247' title='bbox 1123 3697 1188 3752; x_wconf 77' lang='lat' dir='ltr'><strong>quoa</strong></span> 
     </span>
     <span class='ocr_line' id='line_1_41' title="bbox 110 3750 1187 3828; baseline -0.007 -16"><span class='ocrx_word' id='word_1_248' title='bbox 110 3759 201 3828; x_wconf 82' lang='lat' dir='ltr'><strong>Schap.</strong></span> <span class='ocrx_word' id='word_1_249' title='bbox 238 3763 283 3812; x_wconf 79' lang='lat' dir='ltr'><strong>oui</strong></span> <span class='ocrx_word' id='word_1_250' title='bbox 291 3760 372 3825; x_wconf 82' lang='lat' dir='ltr'><strong>Brea,</strong></span> <span class='ocrx_word' id='word_1_251' title='bbox 383 3765 411 3813; x_wconf 92' lang='lat' dir='ltr'><strong>ut</strong></span> <span class='ocrx_word' id='word_1_252' title='bbox 419 3760 530 3826; x_wconf 83' lang='lat' dir='ltr'><strong>pendeat</strong></span> <span class='ocrx_word' id='word_1_253' title='bbox 541 3774 574 3812; x_wconf 81' lang='lat' dir='ltr'><strong>ex</strong></span> <span class='ocrx_word' id='word_1_254' title='bbox 582 3761 653 3822; x_wconf 73' lang='lat' dir='ltr'><strong>tabat,</strong></span> <span class='ocrx_word' id='word_1_255' title='bbox 666 3758 736 3826; x_wconf 93' lang='lat' dir='ltr'><strong>quod</strong></span> <span class='ocrx_word' id='word_1_256' title='bbox 746 3758 854 3811; x_wconf 87' lang='lat' dir='ltr'><strong>verbum</strong></span> <span class='ocrx_word' id='word_1_257' title='bbox 865 3759 916 3809; x_wconf 82' lang='grc'><strong>511</strong></span> <span class='ocrx_word' id='word_1_258' title='bbox 926 3753 1010 3806; x_wconf 83' lang='lat' dir='ltr'><strong>exbib.</strong></span> <span class='ocrx_word' id='word_1_259' title='bbox 1021 3750 1187 3806; x_wconf 79' lang='lat' dir='ltr'><strong>M²Ra¹brnav.</strong></span> 
     </span>
     <span class='ocr_line' id='line_1_42' title="bbox 109 3822 1186 3897; baseline -0.007 -17"><span class='ocrx_word' id='word_1_260' title='bbox 109 3835 221 3882; x_wconf 84' lang='lat' dir='ltr'><strong>ceterum</strong></span> <span class='ocrx_word' id='word_1_261' title='bbox 239 3830 297 3882; x_wconf 85' lang='lat' dir='ltr'><strong>hab.</strong></span> <span class='ocrx_word' id='word_1_262' title='bbox 315 3830 390 3880; x_wconf 78' lang='lat' dir='ltr'><strong>tuaac</strong></span> <span class='ocrx_word' id='word_1_263' title='bbox 406 3828 445 3881; x_wconf 83' lang='lat' dir='ltr'><strong>bl¹</strong></span> <span class='ocrx_word' id='word_1_264' title='bbox 483 3833 526 3880; x_wconf 86' lang='lat' dir='ltr'><strong>-at</strong></span> <span class='ocrx_word' id='word_1_265' title='bbox 543 3827 573 3879; x_wconf 65' lang='lat'><strong>1⁴¹¹</strong></span> <span class='ocrx_word' id='word_1_266' title='bbox 607 3825 762 3897; x_wconf 79' lang='lat' dir='ltr'><strong>iutatP²yc</strong></span> <span class='ocrx_word' id='word_1_267' title='bbox 796 3827 871 3876; x_wconf 82' lang='lat' dir='ltr'><strong>iubet</strong></span> <span class='ocrx_word' id='word_1_268' title='bbox 887 3823 1066 3889; x_wconf 75' lang='lat' dir='ltr'><strong>P¹grammat</strong></span> <span class='ocrx_word' id='word_1_269' title='bbox 1137 3822 1186 3873; x_wconf 76' lang='grc'><strong>511</strong></span> 
     </span>
     <span class='ocr_line' id='line_1_43' title="bbox 108 3890 1188 3965; baseline -0.007 -17"><span class='ocrx_word' id='word_1_270' title='bbox 108 3895 178 3960; x_wconf 76' lang='lat' dir='ltr'><strong>aut]</strong></span> <span class='ocrx_word' id='word_1_271' title='bbox 197 3897 308 3949; x_wconf 67' lang='lat' dir='ltr'><strong>Volscos</strong></span> <span class='ocrx_word' id='word_1_272' title='bbox 323 3895 425 3952; x_wconf 84' lang='lat' dir='ltr'><strong>Peerlk.</strong></span> <span class='ocrx_word' id='word_1_273' title='bbox 477 3899 529 3949; x_wconf 80' lang='lat'><strong>524</strong></span> <span class='ocrx_word' id='word_1_274' title='bbox 544 3895 587 3964; x_wconf 79' lang='lat' dir='ltr'><strong>in]</strong></span> <span class='ocrx_word' id='word_1_275' title='bbox 605 3897 642 3947; x_wconf 80' lang='lat' dir='ltr'><strong>qd</strong></span> <span class='ocrx_word' id='word_1_276' title='bbox 657 3894 722 3965; x_wconf 86' lang='lat' dir='ltr'><strong>Py¹c</strong></span> <span class='ocrx_word' id='word_1_277' title='bbox 774 3894 824 3947; x_wconf 80' lang='lat'><strong>529</strong></span> <span class='ocrx_word' id='word_1_278' title='bbox 842 3895 885 3958; x_wconf 86' lang='lat'><strong>(=</strong></span> <span class='ocrx_word' id='word_1_279' title='bbox 898 3891 941 3942; x_wconf 88' lang='lat' dir='ltr'><strong>Vll</strong></span> <span class='ocrx_word' id='word_1_280' title='bbox 959 3892 1019 3956; x_wconf 82' lang='grc'><strong>615)</strong></span> <span class='ocrx_word' id='word_1_281' title='bbox 1037 3890 1188 3951; x_wconf 73' lang='grc' dir='ltr'><strong>ἰηεεῐυιηχ</strong></span> 
     </span>
    </p>
   </div>
   <div class='ocr_carea' id='block_1_4' title="bbox 0 0 1242 4388">
    <p class='ocr_par' dir='ltr' id='par_1_9' title="bbox 0 0 1242 4388">
     <span class='ocr_line' id='line_1_44' title="bbox 0 0 1242 4388; baseline 0 3"><span class='ocrx_word' id='word_1_282' title='bbox 0 0 1242 4388; x_wconf 95' lang='lat' dir='ltr'><strong> </strong></span> 
     </span>
    </p>
   </div>
   <div class='ocr_carea' id='block_1_5' title="bbox 1232 558 1240 1493">
    <p class='ocr_par' dir='ltr' id='par_1_10' title="bbox 1232 558 1240 1493">
     <span class='ocr_line' id='line_1_45' title="bbox 1232 558 1240 1493; baseline 0 0"><span class='ocrx_word' id='word_1_283' title='bbox 1232 558 1240 1493; x_wconf 95' lang='lat' dir='ltr'><strong> </strong></span> 
     </span>
    </p>
   </div>
   <div class='ocr_carea' id='block_1_6' title="bbox 1233 3372 1239 3993">
    <p class='ocr_par' dir='ltr' id='par_1_11' title="bbox 1233 3372 1239 3993">
     <span class='ocr_line' id='line_1_46' title="bbox 1233 3372 1239 3993; baseline 0 0"><span class='ocrx_word' id='word_1_284' title='bbox 1233 3372 1239 3993; x_wconf 95' lang='lat' dir='ltr'><strong> </strong></span> 
     </span>
    </p>
   </div>
  </div>
 </body>
</html>
