2286 4394
45 200 107 260 114
415 199 443 256 P.
456 197 584 254 veneral
600 197 747 254 MARONIS

42 383 72 434 et
93 373 165 433 liluo
187 390 302 452 pugnas
324 373 448 453 insignis
470 372 572 433 obibat
592 381 622 433 et
642 373 734 434 hasta.

42 466 198 538 postquam
220 457 303 518 illum
325 458 381 518 vita
403 459 496 519 victor
518 457 651 537 spoliavit
673 457 816 532 Achilles,

43 542 189 604 Dardanio
211 545 328 604 Aeneae
350 561 414 604 sese
435 543 612 604 fortissimus
633 543 721 604 heros

41 627 192 689 addiderat
213 629 325 689 socium
350 647 410 688 non
434 628 574 690 inferiora
596 637 724 689 secutus.
1052 635 1081 690 tlt
1134 628 1138 633 '

41 713 91 774 sed
114 722 192 786 tum,
216 714 292 774 sorte
315 731 383 773 cava
405 713 474 774 dum
497 720 639 792 personat
660 729 788 791 aequora
810 713 941 790 concba,

41 798 178 871 demens,
202 807 232 858 et
253 807 343 858 cantu
365 806 448 858 vocat
469 798 499 858 in
523 797 683 859 certamina
704 797 801 871 divos,

42 882 175 945 aemulus
197 892 353 962 exceptum
376 883 495 956 Triton,
518 882 542 943 si
564 883 686 943 credere
709 882 832 961 dignum
854 891 913 960 est,

41 968 120 1029 inter
141 986 210 1029 saxa
231 968 325 1029 virum
349 985 486 1046 spumosa
508 967 692 1029 immerserat
713 968 801 1028 unda.

42 1072 112 1135 ergo
136 1071 240 1114 omnes
262 1071 368 1130 magno
392 1052 503 1113 circum
526 1053 655 1114 clamore
676 1051 859 1128 fremebant,
1062 1061 1095 1113 tlt

42 1139 199 1218 praecipue
223 1138 289 1217 pins
312 1138 433 1199 Aeneas.
477 1146 540 1198 tum
562 1138 639 1199 iussa
663 1136 806 1217 Sibyllae,

41 1223 118 1283 baud
140 1241 237 1294 mora,
260 1222 401 1283 festinant
423 1223 527 1284 llentes
549 1240 689 1301 aramque
711 1222 840 1301 sepulcri

41 1325 203 1386 congerere
224 1306 381 1368 arboribus
403 1307 543 1386 caeloque
565 1306 692 1368 educere
714 1316 838 1369 certant.

40 1391 100 1453 itur
121 1391 152 1451 in
175 1391 324 1469 antiquam
347 1392 462 1466 silvam,
485 1391 597 1454 stabula
620 1393 677 1453 alta
698 1393 844 1467 ferarum,

40 1475 241 1555 procumbunt
263 1477 379 1555 piceae,
402 1486 488 1538 sonat
508 1477 565 1538 icta
587 1476 741 1539 securibus
763 1477 820 1538 ilex
1069 1486 1107 1540 tlt

40 1561 248 1640 fraxineaeque
271 1561 368 1623 trabes
390 1562 494 1623 cuneis
516 1571 547 1623 et
567 1562 655 1624 fissile
677 1562 770 1623 robur

41 1646 200 1719 scinditur,
223 1646 379 1707 advolvunt
400 1647 529 1725 ingentis
551 1647 702 1708 montibus
725 1665 824 1708 ornos.

126 1731 186 1792 Nec
209 1750 270 1793 non
294 1734 407 1793 Aeneas
430 1750 519 1812 opera
542 1733 619 1794 inter
641 1731 708 1793 talia
729 1731 842 1811 primus

40 1817 175 1877 bortatur
197 1817 293 1878 socios
314 1817 493 1896 paribusque
515 1817 681 1896 accingitur
702 1816 799 1878 armis.

41 1911 129 1981 atque
152 1902 223 1962 baec
245 1901 308 1981 ipse
330 1921 384 1963 suo
406 1901 482 1963 tristi
504 1920 571 1963 cum
594 1903 683 1963 corde
704 1901 817 1963 volutat
1072 1913 1115 1966 185

40 1996 195 2067 aspectans
217 1985 316 2048 silvam
339 1987 512 2048 immensam
535 1996 565 2047 et
586 1988 628 2048 sic
650 1988 726 2048 torte
748 1995 901 2066 precatur:

38 2064 76 2134 ‘si
99 2091 180 2135 nunc
202 2091 233 2133 se
257 2071 343 2134 nobis
365 2073 413 2133 ille
436 2091 542 2133 aureus
564 2072 670 2132 arbore
692 2089 790 2133 ramus

41 2159 177 2219 ostendat
198 2175 320 2218 nemore
342 2158 372 2218 in
394 2157 491 2218 tantol
525 2156 642 2236 quando
666 2156 763 2217 omnia
785 2174 854 2218 vere

40 2244 99 2304 beu
122 2243 243 2303 nimium
268 2243 303 2303 de
325 2252 354 2302 te
376 2252 469 2316 vates,
492 2242 620 2313 Missae,
643 2243 740 2303 locuta
763 2237 830 2304 est’

40 2328 87 2388 vix
109 2346 143 2387 ca
165 2328 241 2386 latus
263 2335 339 2400 erat,
362 2328 496 2404 geminae
518 2346 585 2388 cum
607 2328 683 2388 forte
705 2325 860 2388 columbae
1073 2337 1118 2387 190

40 2412 102 2490 ipsa
125 2411 179 2471 sub
203 2429 254 2472 ora
277 2412 329 2471 viri
351 2411 432 2473 caelo
455 2430 562 2474 venere
584 2411 714 2473 volantes

40 2504 70 2555 et
92 2496 174 2555 viridi
197 2495 299 2556 sedere
322 2497 394 2557 solo.
438 2506 500 2557 tum
523 2497 666 2558 maximus
688 2498 775 2558 beros

40 2590 187 2641 maternas
209 2581 362 2658 adgnoscit
384 2600 449 2643 aves
471 2583 624 2662 laetusque
645 2589 799 2661 precatur:
908 2632 910 2636 .

37 2659 112 2726 ‘este
134 2666 238 2739 duces,
262 2685 296 2740 o,
319 2667 342 2727 si
365 2686 422 2745 qua
445 2669 488 2728 via
512 2674 572 2741 est,
595 2685 774 2746 cursumque
796 2684 850 2746 per
871 2683 958 2727 auras

40 2750 155 2830 dirigite
178 2751 207 2811 in
231 2751 329 2824 lucos,
353 2751 404 2813 ubi
426 2754 568 2833 pinguem
590 2753 669 2813 dives
692 2758 796 2832 opacat
1073 2758 1117 2809 195

39 2854 138 2898 ramus
160 2837 292 2897 humum.
337 2848 427 2917 tuque
450 2859 467 2900 o
490 2837 586 2899 dubiis
609 2856 648 2898 ne
669 2837 761 2898 defice
783 2835 888 2910 rebus,

40 2922 103 2982 diva
126 2918 257 3001 parens'
302 2924 345 2984 sic
367 2925 471 2986 effatus
493 2922 612 3004 vestigia
635 2922 743 3002 pressit

40 3006 215 3081 observans,
239 3026 313 3085 quae
335 3010 418 3089 signa
440 3011 552 3082 ferant,
575 3027 634 3087 quo
656 3006 780 3069 tendere
802 3013 937 3086 pergant.

39 3101 194 3170 pascentes
216 3092 281 3152 illae
303 3102 417 3155 tantum
440 3094 558 3174 prodire
579 3093 721 3167 volando,

40 3186 183 3254 quantum
205 3177 266 3237 acie
290 3187 412 3257 possent
434 3179 511 3239 oculi
533 3196 650 3240 servare
672 3186 857 3256 sequentum.
1070 3181 1116 3232 tto

39 3259 108 3320 inde
130 3260 181 3321 ubi
202 3279 310 3322 venere
333 3264 369 3322 ad
391 3264 489 3324 fauces
512 3281 599 3342 grave
621 3262 728 3325 olentis
750 3261 873 3335 Averni,

39 3345 146 3406 tollunt
167 3365 199 3406 se
221 3346 332 3408 celeres
354 3348 557 3426 liquidumque
579 3366 634 3427 per
655 3357 721 3409 abra
743 3346 842 3426 lapsae

39 3430 158 3492 sedibus
180 3431 287 3510 optatis
309 3433 426 3510 gemina
449 3450 538 3513 super
560 3433 666 3494 arbore
688 3431 807 3505 sidunt,

39 3515 167 3578 discolor
189 3517 268 3577 unde
290 3519 354 3579 auri
376 3536 431 3597 per
452 3536 550 3579 ramos
572 3537 643 3580 aura
664 3516 802 3578 refulsit.-

126 3739 172 3787 177
190 3736 329 3803 sepadclro
342 3734 380 3804 Py
391 3733 464 3786 Ribb.
520 3737 568 3788 186
586 3739 612 3785 et
622 3771 629 3786 .
641 3774 647 3785 .
657 3737 787 3799 precatur
804 3732 888 3785 damn.
901 3729 1001 3786 Peerlk.
1023 3723 1113 3782 ‘rarat

39 3793 123 3860 forte'
142 3803 212 3856 Serv.
250 3819 311 3853 voce
333 3803 369 3865 Βχ
404 3820 449 3854 ore
467 3802 580 3869 longob.
598 3800 684 3855 Pierii.
790 3802 837 3854 19³
861 3801 995 3866 adgnovit
1009 3797 1066 3852 lla¹

42 3871 87 3919 195
106 3870 219 3934 derigitc
236 3868 392 3939 PRy¹Ribb
478 3873 528 3923 200
544 3874 694 3936 sequentem
712 3866 784 3919 Pald.
865 3869 914 3922 203
930 3870 1055 3936 getninae
1072 3866 1113 3930 nx
