2286 4394
63 230 126 291 194
442 227 471 283 Ρ.
485 227 610 282 vultum
626 226 774 283 mortis

62 414 150 484 atque
172 402 218 464 his
240 401 392 463 ardentem
414 401 499 463 dictis
521 401 636 462 adfatur
657 400 771 463 lulum:

58 483 111 552 ‘sit
132 488 217 562 satis,
239 486 369 558 Aenide,
392 486 457 548 telis
478 487 601 566 impune
623 486 794 548 Numanum

63 573 223 655 oppetiisse
246 572 318 634 tuisl
341 572 466 651 primam
489 572 566 632 benc
588 571 642 632 obi
664 590 791 652 magnus
812 573 921 672 Apollo

63 658 201 721 concedit
221 657 337 719 laudem
360 666 390 718 et
411 655 533 758 paribus
555 676 616 718 uon
640 657 752 720 inridet
773 660 882 733 armis;
1091 666 1125 720 dl

63 754 162 806 cetera
184 762 287 824 parce,
310 760 400 823 puer,
422 732 524 802 bello.'
570 742 613 804 sic
636 760 722 805 orsus
744 745 850 824 Apollo

63 828 193 892 mortalis
215 828 311 890 medio
334 836 471 908 espectus
492 845 630 888 sermone
653 828 773 926 reliquit

63 926 93 978 et
114 913 249 995 procul
241 933 271 974 rn
295 922 414 975 tenuem
437 930 473 973 ex
497 913 590 974 oeulis
613 913 731 975 evanuit
752 931 864 975 auram.

148 999 323 1079 Adgnovere
345 998 432 1059 deum
456 1015 597 1077 proceres
619 999 775 1078 divinaque
798 999 856 1060 tela

64 1085 246 1149 Dardanidae
268 1085 496 1164 pharetramque
519 1084 587 1162 luga
610 1102 731 1146 sensere
753 1091 921 1146 sonantem.

63 1190 135 1250 ergo
158 1171 273 1231 avidum
295 1187 412 1249 pugnae
434 1167 520 1229 dictis
542 1186 576 1229 ac
600 1168 723 1231 numine
744 1169 856 1231 Phoebi

62 1257 222 1318 Ascanium
245 1253 420 1334 prohibent,
443 1253 499 1332 ipsi
522 1254 553 1316 in
577 1254 739 1316 certamina
760 1273 865 1317 rursus

63 1341 228 1402 succedunt
250 1339 422 1418 animasque
443 1339 474 1399 in
499 1348 599 1419 aperta
622 1339 752 1420 pericula
775 1341 907 1402 mittunt

64 1426 86 1485 it
108 1426 218 1486 clamor
239 1425 309 1486 totis
331 1442 386 1503 per
407 1425 631 1505 propugnacula
653 1425 761 1500 muris,

63 1510 222 1571 intendunt
244 1510 320 1570 acris
342 1527 429 1570 arcus
451 1519 628 1589 amentaque
649 1519 801 1589 torquent.

63 1595 207 1656 sternitur
229 1612 318 1654 omne
340 1595 435 1656 solum
459 1595 539 1671 telis,
562 1604 625 1657 tum
648 1604 732 1657 scuta
754 1612 902 1674 caraeque

63 1680 135 1741 dant
157 1681 286 1742 sonitum
308 1679 389 1741 llictu
412 1680 526 1760 galeae,
549 1699 651 1760 pugna
673 1699 777 1761 aspera
799 1680 910 1760 surgit,

63 1775 192 1845 quantus
214 1765 250 1826 ab
273 1784 379 1827 occasu
402 1766 523 1827 veniens
545 1766 720 1846 pluvialibus
742 1766 850 1828 Haedis

63 1850 199 1913 verberat
220 1851 315 1912 imber
336 1853 474 1922 humum,
497 1869 585 1929 quam
608 1852 699 1913 multa
721 1851 866 1931 grandine
889 1847 987 1911 nimbi

65 1937 96 1997 in
118 1936 189 1998 vada
211 1936 422 2016 praecipitant,
445 1954 512 1996 cum
534 1935 668 2016 luppiter
690 1936 829 1999 horridus
850 1935 960 1998 austris

63 2029 183 2102 torquet
205 2040 345 2100 aquosam
367 2022 493 2083 hiemem
517 2030 545 2082 et
568 2022 650 2083 caelo
672 2039 742 2084 cava
763 2021 864 2084 nubile
885 2020 1013 2100 rumpit.

150 2107 301 2169 Pandarus
323 2117 353 2168 et
374 2107 478 2181 Bitias,
501 2106 588 2168 Idaeo
611 2108 757 2169 Alcanore
779 2109 868 2183 creti,

64 2211 139 2271 quos
161 2192 237 2254 lovis
259 2193 359 2253 eduxit
380 2193 448 2254 luco
470 2192 611 2254 silvestris
632 2192 712 2254 laera

65 2278 210 2339 abietibus
233 2278 353 2339 iuvenes
375 2278 476 2358 patriis
499 2287 528 2338 et
549 2278 701 2340 montibus
724 2295 848 2357 aequos,

64 2372 196 2442 portam,
220 2381 295 2440 quae
317 2362 400 2424 ducis
423 2364 548 2442 imperio
571 2364 742 2437 commissa,
764 2362 923 2424 recludunt

64 2448 132 2507 lreti
156 2447 245 2508 armis
267 2447 405 2525 ultroque
428 2448 552 2509 invitant
574 2448 731 2510 moenibus
753 2448 876 2509 hostem.

64 2532 120 2610 ipsi
143 2532 223 2592 intus
245 2532 347 2592 dextra
369 2550 402 2592 ac
424 2533 503 2593 laeva
527 2553 581 2613 pro
604 2534 737 2596 turribus
759 2533 875 2595 adstant

63 2617 166 2676 armati
189 2617 268 2676 lerro
291 2626 321 2677 et
342 2618 440 2678 cristis
462 2619 558 2697 capita
579 2621 636 2681 alta
659 2619 790 2693 corusci,

65 2701 165 2780 quales
187 2702 282 2762 aeriae
304 2702 445 2780 liquentia
469 2704 589 2766 llumina
612 2705 725 2767 circum

63 2788 123 2849 sive
146 2788 214 2848 Padi
237 2788 309 2867 ripis
331 2787 463 2850 Athesim
486 2808 538 2850 seu
561 2799 683 2870 propter
705 2805 861 2850 amoenum

64 2883 251 2954 consurgunt
272 2874 406 2951 geminae
430 2893 558 2952 quercus
580 2876 758 2954 intonsaque
780 2873 862 2934 caelo

63 2959 201 3020 attollunt
223 2960 316 3039 capita
341 2969 370 3020 et
391 2960 509 3021 sublimi
532 2962 638 3022 vertice
662 2969 778 3021 nutant.

64 3045 256 3121 inrumpunt,
280 3045 375 3106 aditus
399 3046 497 3107 Rutuli
521 3056 553 3107 ut
575 3046 672 3107 videre
695 3044 832 3125 patentis.

64 3130 208 3189 contiuuo
232 3129 385 3200 Quercens
408 3139 437 3190 et
459 3131 582 3208 pulcher
603 3132 765 3211 Aquiculus
787 3129 876 3191 armis

64 3222 93 3273 et
116 3231 258 3294 praeceps
280 3216 368 3275 animi
392 3216 516 3277 Tmarus
539 3228 568 3276 et
590 3218 748 3279 Mavortius
771 3216 903 3276 Haemon
1098 3221 1139 3275 etl

64 3298 229 3378 agminibus
252 3300 320 3361 totis
343 3309 394 3361 aut
414 3300 491 3360 versi
513 3312 595 3379 terga
618 3304 726 3363 dedere

63 3393 111 3445 aut
136 3384 199 3463 ipso
223 3395 324 3464 portae
347 3404 473 3465 posuere
496 3387 525 3447 in
550 3388 651 3448 limine
673 3389 770 3449 vitam.

64 3504 270 3513 -—--——

149 3570 258 3632 6611αο]
277 3568 340 3620 etlll
410 3573 457 3623 667
476 3573 561 3633 fluctu

65 3637 220 3699 adflictum
238 3636 309 3689 Pald.
397 3641 446 3690 674
465 3638 547 3706 et]]in
565 3572 670 3706 llrlyant.
752 3642 801 3691 676
820 3641 917 3690 animis
935 3609 1021 3690 Bentl.
1041 3634 1138 3690 Peerllr.

64 3703 138 3756 Rihb
221 3708 269 3758 678
288 3713 430 3758 coruscant
447 3707 472 3758 Μ
560 3711 608 3761 685
627 3708 720 3758 Moms
739 3707 834 3771 Mb‘mc
868 3705 972 3758 Marius
990 3706 1020 3757 b¹
1092 3706 1139 3758 686

64 3775 140 3823 totis:
165 3778 193 3823 at
211 3773 284 3825 Ribb.
287 3775 360 3841 ,qui
384 3782 485 3841 postr.
505 3779 554 3829 683
578 3783 704 3827 commate
729 3776 859 3838 distinxit;
883 3774 960 3825 simil.
978 3773 1073 3840 Golsr,
1095 3771 1139 3825 sed

64 3853 128 3958 sorde
140 3846 225 3962 ῥιπὴ
263 3847 406 3905 autumi]
426 3848 515 3894 auersi
532 3843 610 3908 P¹a¹g
647 3848 786 3895 utnoerst'
801 3844 872 3914 γ’.
891 3847 988 3895 verri
1006 3842 1042 3894 R¹
1082 3841 1140 3894 odo.

65 3921 95 3956 co
161 3924 199 3958 err

641 3569 784 3634 adflictull
821 3570 886 3632 adllt
882 3571 933 3620 'ctu
946 3568 1010 3629 Ra¹3
1025 3568 1058 3621 cl
1071 3567 1140 3620 Serv.
