<?xml version="1.0" encoding="UTF-8"?>
<!DOCTYPE html PUBLIC "-//W3C//DTD XHTML 1.0 Transitional//EN"
    "http://www.w3.org/TR/xhtml1/DTD/xhtml1-transitional.dtd">
<html xmlns="http://www.w3.org/1999/xhtml" xml:lang="en" lang="en">
 <head>
  <title>
</title>
<meta http-equiv="Content-Type" content="text/html;charset=utf-8" />
  <meta name='ocr-system' content='tesseract 3.04.00' />
  <meta name='ocr-capabilities' content='ocr_page ocr_carea ocr_par ocr_line ocrx_word'/>
</head>
<body>
  <div class='ocr_page' id='page_1' title='image "./pvergilimaronis08virggoog/pvergilimaronis08virggoog_0263.png"; bbox 0 0 2474 4388; ppageno 0'>
   <div class='ocr_carea' id='block_1_1' title="bbox 117 39 1220 431">
    <p class='ocr_par' dir='ltr' id='par_1_1' title="bbox 117 39 1220 431">
     <span class='ocr_line' id='line_1_1' title="bbox 117 39 1220 431; baseline -0.015 -133"><span class='ocrx_word' id='word_1_1' title='bbox 117 239 181 298; x_wconf 81' lang='lat'>244</span> <span class='ocrx_word' id='word_1_2' title='bbox 487 237 516 293; x_wconf 88' lang='grc' dir='ltr'>Ρ.</span> <span class='ocrx_word' id='word_1_3' title='bbox 531 236 656 289; x_wconf 77' lang='lat' dir='ltr'>vsadlhl</span> <span class='ocrx_word' id='word_1_4' title='bbox 673 235 819 289; x_wconf 71' lang='lat' dir='ltr'>Mauortis</span> <span class='ocrx_word' id='word_1_5' title='bbox 1203 39 1220 431; x_wconf 45' lang='grc' dir='ltr'>ἱ</span> 
     </span>
    </p>
   </div>
   <div class='ocr_carea' id='block_1_2' title="bbox 98 406 1208 3543">
    <p class='ocr_par' dir='ltr' id='par_1_2' title="bbox 114 406 1031 506">
     <span class='ocr_line' id='line_1_2' title="bbox 114 406 1031 506; baseline -0.003 -34"><span class='ocrx_word' id='word_1_6' title='bbox 114 406 194 492; x_wconf 89' lang='lat' dir='ltr'>‘quis</span> <span class='ocrx_word' id='word_1_7' title='bbox 216 419 328 484; x_wconf 91' lang='lat' dir='ltr'>metus,</span> <span class='ocrx_word' id='word_1_8' title='bbox 352 430 369 471; x_wconf 99' lang='lat' dir='ltr'>o</span> <span class='ocrx_word' id='word_1_9' title='bbox 393 427 555 506; x_wconf 85' lang='lat' dir='ltr'><strong>numquam</strong></span> <span class='ocrx_word' id='word_1_10' title='bbox 579 408 714 482; x_wconf 85' lang='lat' dir='ltr'>dolituri,</span> <span class='ocrx_word' id='word_1_11' title='bbox 737 425 895 486; x_wconf 86' lang='lat' dir='ltr'>osempcr</span> <span class='ocrx_word' id='word_1_12' title='bbox 916 408 1031 469; x_wconf 90' lang='lat' dir='ltr'>inertes</span> 
     </span>
    </p>

    <p class='ocr_par' dir='ltr' id='par_1_3' title="bbox 117 489 869 589">
     <span class='ocr_line' id='line_1_3' title="bbox 117 489 869 589; baseline -0.007 -32"><span class='ocrx_word' id='word_1_13' title='bbox 117 496 280 576; x_wconf 81' lang='lat' dir='ltr'>Tyrrheni,</span> <span class='ocrx_word' id='word_1_14' title='bbox 304 514 378 575; x_wconf 88' lang='lat' dir='ltr'>quae</span> <span class='ocrx_word' id='word_1_15' title='bbox 400 503 481 556; x_wconf 91' lang='lat' dir='ltr'>tanta</span> <span class='ocrx_word' id='word_1_16' title='bbox 504 493 609 556; x_wconf 90' lang='lat' dir='ltr'>animis</span> <span class='ocrx_word' id='word_1_17' title='bbox 630 493 756 589; x_wconf 38' lang='lat' dir='ltr'>ignavia·</span> <span class='ocrx_word' id='word_1_18' title='bbox 766 489 869 553; x_wconf 77' lang='lat' dir='ltr'>venit?</span> 
     </span>
    </p>

    <p class='ocr_par' dir='ltr' id='par_1_4' title="bbox 117 577 922 660">
     <span class='ocr_line' id='line_1_4' title="bbox 117 577 922 660; baseline -0.004 -19"><span class='ocrx_word' id='word_1_19' title='bbox 117 581 227 641; x_wconf 81' lang='lat' dir='ltr'>femina</span> <span class='ocrx_word' id='word_1_20' title='bbox 248 581 375 660; x_wconf 89' lang='lat' dir='ltr'>palantis</span> <span class='ocrx_word' id='word_1_21' title='bbox 396 581 455 659; x_wconf 91' lang='lat' dir='ltr'>agit</span> <span class='ocrx_word' id='word_1_22' title='bbox 477 588 564 659; x_wconf 92' lang='lat' dir='ltr'>atque</span> <span class='ocrx_word' id='word_1_23' title='bbox 586 579 659 639; x_wconf 91' lang='lat' dir='ltr'>haec</span> <span class='ocrx_word' id='word_1_24' title='bbox 681 577 797 656; x_wconf 82' lang='lat' dir='ltr'><strong>agmina</strong></span> <span class='ocrx_word' id='word_1_25' title='bbox 819 577 922 638; x_wconf 88' lang='lat' dir='ltr'>vertiti</span> 
     </span>
    </p>

    <p class='ocr_par' dir='ltr' id='par_1_5' title="bbox 118 659 1183 744">
     <span class='ocr_line' id='line_1_5' title="bbox 118 659 1183 744; baseline -0.005 -17"><span class='ocrx_word' id='word_1_26' title='bbox 118 685 177 744; x_wconf 93' lang='lat' dir='ltr'>quo</span> <span class='ocrx_word' id='word_1_27' title='bbox 199 666 312 726; x_wconf 86' lang='lat' dir='ltr'>ferrum</span> <span class='ocrx_word' id='word_1_28' title='bbox 335 666 440 744; x_wconf 89' lang='lat' dir='ltr'>quidve</span> <span class='ocrx_word' id='word_1_29' title='bbox 463 666 534 725; x_wconf 91' lang='lat' dir='ltr'>baec</span> <span class='ocrx_word' id='word_1_30' title='bbox 556 663 687 743; x_wconf 80' lang='lat' dir='ltr'><strong>gerimus</strong></span> <span class='ocrx_word' id='word_1_31' title='bbox 708 663 766 724; x_wconf 89' lang='lat' dir='ltr'>tela</span> <span class='ocrx_word' id='word_1_32' title='bbox 787 662 877 722; x_wconf 91' lang='lat' dir='ltr'>inrita</span> <span class='ocrx_word' id='word_1_33' title='bbox 899 659 1033 724; x_wconf 78' lang='lat' dir='ltr'><strong>dextris?</strong></span> <span class='ocrx_word' id='word_1_34' title='bbox 1149 672 1183 722; x_wconf 76' lang='lat' dir='ltr'>tta</span> 
     </span>
    </p>

    <p class='ocr_par' dir='ltr' id='par_1_6' title="bbox 117 747 909 828">
     <span class='ocr_line' id='line_1_6' title="bbox 117 747 909 828; baseline -0.005 -17"><span class='ocrx_word' id='word_1_35' title='bbox 117 760 147 811; x_wconf 93' lang='lat' dir='ltr'>at</span> <span class='ocrx_word' id='word_1_36' title='bbox 169 770 231 812; x_wconf 91' lang='lat' dir='ltr'>non</span> <span class='ocrx_word' id='word_1_37' title='bbox 253 751 285 811; x_wconf 94' lang='lat' dir='ltr'>in</span> <span class='ocrx_word' id='word_1_38' title='bbox 307 751 453 811; x_wconf 90' lang='lat' dir='ltr'>Venerem</span> <span class='ocrx_word' id='word_1_39' title='bbox 475 768 582 828; x_wconf 78' lang='lat' dir='ltr'>segnes</span> <span class='ocrx_word' id='word_1_40' title='bbox 604 756 811 827; x_wconf 91' lang='lat' dir='ltr'>nocturnaque</span> <span class='ocrx_word' id='word_1_41' title='bbox 833 747 909 808; x_wconf 93' lang='lat' dir='ltr'>bella</span> 
     </span>
    </p>

    <p class='ocr_par' dir='ltr' id='par_1_7' title="bbox 118 832 863 910">
     <span class='ocr_line' id='line_1_7' title="bbox 118 832 863 910; baseline -0.005 -14"><span class='ocrx_word' id='word_1_42' title='bbox 118 843 184 910; x_wconf 87' lang='lat' dir='ltr'>aut,</span> <span class='ocrx_word' id='word_1_43' title='bbox 207 834 259 896; x_wconf 95' lang='lat' dir='ltr'>ubi</span> <span class='ocrx_word' id='word_1_44' title='bbox 281 853 368 896; x_wconf 87' lang='lat' dir='ltr'>curva</span> <span class='ocrx_word' id='word_1_45' title='bbox 391 836 499 896; x_wconf 90' lang='lat' dir='ltr'>choros</span> <span class='ocrx_word' id='word_1_46' title='bbox 520 833 627 895; x_wconf 83' lang='lat' dir='ltr'>indixit</span> <span class='ocrx_word' id='word_1_47' title='bbox 647 833 718 894; x_wconf 90' lang='lat' dir='ltr'>tibia</span> <span class='ocrx_word' id='word_1_48' title='bbox 739 832 863 907; x_wconf 84' lang='lat' dir='ltr'>Raccbi,</span> 
     </span>
    </p>

    <p class='ocr_par' dir='ltr' id='par_1_8' title="bbox 119 919 847 1001">
     <span class='ocr_line' id='line_1_8' title="bbox 119 919 847 1001; baseline -0.004 -20"><span class='ocrx_word' id='word_1_49' title='bbox 119 929 287 1001; x_wconf 80' lang='lat' dir='ltr'>exspectate</span> <span class='ocrx_word' id='word_1_50' title='bbox 309 920 399 1000; x_wconf 90' lang='lat' dir='ltr'>dapes</span> <span class='ocrx_word' id='word_1_51' title='bbox 421 929 450 980; x_wconf 90' lang='lat' dir='ltr'>et</span> <span class='ocrx_word' id='word_1_52' title='bbox 472 919 578 999; x_wconf 85' lang='lat' dir='ltr'>plenae</span> <span class='ocrx_word' id='word_1_53' title='bbox 599 919 706 998; x_wconf 90' lang='lat' dir='ltr'>pocula</span> <span class='ocrx_word' id='word_1_54' title='bbox 727 935 847 979; x_wconf 87' lang='lat' dir='ltr'>mensae</span> 
     </span>
    </p>

    <p class='ocr_par' dir='ltr' id='par_1_9' title="bbox 120 1001 1106 1083">
     <span class='ocr_line' id='line_1_9' title="bbox 120 1001 1106 1083; baseline -0.001 -18"><span class='ocrx_word' id='word_1_55' title='bbox 120 1005 179 1083; x_wconf 84' lang='lat' dir='ltr'>(bic</span> <span class='ocrx_word' id='word_1_56' title='bbox 202 1023 300 1078; x_wconf 90' lang='lat' dir='ltr'>amor,</span> <span class='ocrx_word' id='word_1_57' title='bbox 322 1006 380 1067; x_wconf 92' lang='lat' dir='ltr'>hoc</span> <span class='ocrx_word' id='word_1_58' title='bbox 401 1004 560 1080; x_wconf 89' lang='lat' dir='ltr'>studium),</span> <span class='ocrx_word' id='word_1_59' title='bbox 583 1003 654 1063; x_wconf 94' lang='lat' dir='ltr'>dum</span> <span class='ocrx_word' id='word_1_60' title='bbox 676 1021 758 1065; x_wconf 90' lang='lat' dir='ltr'>sacra</span> <span class='ocrx_word' id='word_1_61' title='bbox 781 1001 931 1064; x_wconf 90' lang='lat' dir='ltr'>secundus</span> <span class='ocrx_word' id='word_1_62' title='bbox 952 1001 1106 1081; x_wconf 81' lang='lat' dir='ltr'>haruspex</span> 
     </span>
    </p>

    <p class='ocr_par' dir='ltr' id='par_1_10' title="bbox 120 1079 1208 1253">
     <span class='ocr_line' id='line_1_10' title="bbox 120 1079 1188 1167; baseline -0.002 -17"><span class='ocrx_word' id='word_1_63' title='bbox 120 1091 239 1152; x_wconf 82' lang='lat' dir='ltr'>nuntiet</span> <span class='ocrx_word' id='word_1_64' title='bbox 261 1109 294 1151; x_wconf 89' lang='lat' dir='ltr'>ae</span> <span class='ocrx_word' id='word_1_65' title='bbox 316 1090 399 1151; x_wconf 93' lang='lat' dir='ltr'>lucos</span> <span class='ocrx_word' id='word_1_66' title='bbox 420 1097 506 1150; x_wconf 88' lang='lat' dir='ltr'>vocet</span> <span class='ocrx_word' id='word_1_67' title='bbox 526 1088 621 1150; x_wconf 91' lang='lat' dir='ltr'>hostia</span> <span class='ocrx_word' id='word_1_68' title='bbox 643 1088 762 1167; x_wconf 90' lang='lat' dir='ltr'>pinguis</span> <span class='ocrx_word' id='word_1_69' title='bbox 784 1087 815 1147; x_wconf 95' lang='lat' dir='ltr'>in</span> <span class='ocrx_word' id='word_1_70' title='bbox 837 1079 935 1148; x_wconf 74' lang='lat' dir='ltr'>altos.²</span> <span class='ocrx_word' id='word_1_71' title='bbox 1153 1098 1188 1148; x_wconf 77' lang='lat' dir='ltr'>tlt</span> 
     </span>
     <span class='ocr_line' id='line_1_11' title="bbox 205 1171 1208 1253; baseline -0.002 -18"><span class='ocrx_word' id='word_1_72' title='bbox 205 1175 284 1236; x_wconf 91' lang='lat' dir='ltr'>Haec</span> <span class='ocrx_word' id='word_1_73' title='bbox 307 1174 413 1236; x_wconf 81' lang='lat' dir='ltr'>effatus</span> <span class='ocrx_word' id='word_1_74' title='bbox 434 1192 545 1253; x_wconf 92' lang='lat' dir='ltr'>equum</span> <span class='ocrx_word' id='word_1_75' title='bbox 568 1173 599 1234; x_wconf 96' lang='lat' dir='ltr'>in</span> <span class='ocrx_word' id='word_1_76' title='bbox 621 1172 734 1234; x_wconf 91' lang='lat' dir='ltr'>medios</span> <span class='ocrx_word' id='word_1_77' title='bbox 755 1171 918 1233; x_wconf 91' lang='lat' dir='ltr'>moriturus</span> <span class='ocrx_word' id='word_1_78' title='bbox 940 1181 970 1232; x_wconf 89' lang='lat' dir='ltr'>et</span> <span class='ocrx_word' id='word_1_79' title='bbox 993 1172 1059 1253; x_wconf 91' lang='lat' dir='ltr'>ipse</span> <span class='ocrx_word' id='word_1_80' title='bbox 1204 1175 1208 1182; x_wconf 84' lang='lat'>&#39;</span> 
     </span>
    </p>

    <p class='ocr_par' dir='ltr' id='par_1_11' title="bbox 120 1257 936 1320">
     <span class='ocr_line' id='line_1_12' title="bbox 120 1257 936 1320; baseline -0.004 -1"><span class='ocrx_word' id='word_1_81' title='bbox 120 1261 249 1320; x_wconf 86' lang='lat' dir='ltr'>concitat</span> <span class='ocrx_word' id='word_1_82' title='bbox 271 1267 300 1319; x_wconf 88' lang='lat' dir='ltr'>et</span> <span class='ocrx_word' id='word_1_83' title='bbox 320 1259 435 1320; x_wconf 88' lang='lat' dir='ltr'>Venulo</span> <span class='ocrx_word' id='word_1_84' title='bbox 458 1257 611 1320; x_wconf 90' lang='lat' dir='ltr'>adversum</span> <span class='ocrx_word' id='word_1_85' title='bbox 632 1276 664 1319; x_wconf 92' lang='lat' dir='ltr'>se</span> <span class='ocrx_word' id='word_1_86' title='bbox 686 1257 823 1318; x_wconf 91' lang='lat' dir='ltr'>turbidus</span> <span class='ocrx_word' id='word_1_87' title='bbox 845 1257 936 1317; x_wconf 81' lang='lat' dir='ltr'>infert</span> 
     </span>
    </p>

    <p class='ocr_par' dir='ltr' id='par_1_12' title="bbox 120 1342 984 1423">
     <span class='ocr_line' id='line_1_13' title="bbox 120 1342 984 1423; baseline -0.002 -20"><span class='ocrx_word' id='word_1_88' title='bbox 120 1343 335 1423; x_wconf 84' lang='lat' dir='ltr'>dereptumque</span> <span class='ocrx_word' id='word_1_89' title='bbox 357 1344 393 1404; x_wconf 95' lang='lat' dir='ltr'>ab</span> <span class='ocrx_word' id='word_1_90' title='bbox 416 1362 493 1422; x_wconf 92' lang='lat' dir='ltr'>equo</span> <span class='ocrx_word' id='word_1_91' title='bbox 517 1343 618 1404; x_wconf 85' lang='lat' dir='ltr'>dextra</span> <span class='ocrx_word' id='word_1_92' title='bbox 641 1342 848 1423; x_wconf 84' lang='lat' dir='ltr'>complectitur</span> <span class='ocrx_word' id='word_1_93' title='bbox 869 1342 984 1402; x_wconf 91' lang='lat' dir='ltr'>hostem</span> 
     </span>
    </p>

    <p class='ocr_par' dir='ltr' id='par_1_13' title="bbox 121 1427 966 1506">
     <span class='ocr_line' id='line_1_14' title="bbox 121 1427 966 1506; baseline -0.004 -18"><span class='ocrx_word' id='word_1_94' title='bbox 121 1436 151 1488; x_wconf 89' lang='lat' dir='ltr'>et</span> <span class='ocrx_word' id='word_1_95' title='bbox 171 1428 318 1506; x_wconf 90' lang='lat' dir='ltr'>gremium</span> <span class='ocrx_word' id='word_1_96' title='bbox 340 1436 408 1489; x_wconf 91' lang='lat' dir='ltr'>ante</span> <span class='ocrx_word' id='word_1_97' title='bbox 430 1446 518 1489; x_wconf 92' lang='lat' dir='ltr'>suum</span> <span class='ocrx_word' id='word_1_98' title='bbox 540 1428 681 1489; x_wconf 83' lang='lat' dir='ltr'>multari</span> <span class='ocrx_word' id='word_1_99' title='bbox 704 1427 839 1488; x_wconf 89' lang='lat' dir='ltr'>concitus</span> <span class='ocrx_word' id='word_1_100' title='bbox 860 1427 966 1487; x_wconf 82' lang='lat' dir='ltr'>aufert.</span> 
     </span>
    </p>

    <p class='ocr_par' dir='ltr' id='par_1_14' title="bbox 121 1511 860 1592">
     <span class='ocr_line' id='line_1_15' title="bbox 121 1511 860 1592; baseline -0.003 -18"><span class='ocrx_word' id='word_1_101' title='bbox 121 1512 235 1574; x_wconf 92' lang='lat' dir='ltr'>tollitur</span> <span class='ocrx_word' id='word_1_102' title='bbox 256 1513 287 1572; x_wconf 92' lang='lat' dir='ltr'>in</span> <span class='ocrx_word' id='word_1_103' title='bbox 311 1512 425 1573; x_wconf 90' lang='lat' dir='ltr'>caelum</span> <span class='ocrx_word' id='word_1_104' title='bbox 447 1513 557 1574; x_wconf 89' lang='lat' dir='ltr'>elamor</span> <span class='ocrx_word' id='word_1_105' title='bbox 579 1513 739 1592; x_wconf 87' lang='lat' dir='ltr'>cunctique</span> <span class='ocrx_word' id='word_1_106' title='bbox 761 1511 860 1572; x_wconf 93' lang='lat' dir='ltr'>Latini</span> 
     </span>
    </p>

    <p class='ocr_par' dir='ltr' id='par_1_15' title="bbox 123 1595 991 1677">
     <span class='ocr_line' id='line_1_16' title="bbox 123 1595 991 1677; baseline -0.003 -19"><span class='ocrx_word' id='word_1_107' title='bbox 123 1605 297 1658; x_wconf 84' lang='lat' dir='ltr'>convertere</span> <span class='ocrx_word' id='word_1_108' title='bbox 320 1597 431 1658; x_wconf 83' lang='lat' dir='ltr'>oculos</span> <span class='ocrx_word' id='word_1_109' title='bbox 475 1598 553 1658; x_wconf 89' lang='lat' dir='ltr'>volat</span> <span class='ocrx_word' id='word_1_110' title='bbox 575 1598 680 1676; x_wconf 91' lang='lat' dir='ltr'>igneus</span> <span class='ocrx_word' id='word_1_111' title='bbox 702 1615 832 1677; x_wconf 87' lang='lat' dir='ltr'>aequore</span> <span class='ocrx_word' id='word_1_112' title='bbox 853 1595 991 1656; x_wconf 85' lang='lat' dir='ltr'>Tarchon</span> 
     </span>
    </p>

    <p class='ocr_par' dir='ltr' id='par_1_16' title="bbox 121 1678 1018 1762">
     <span class='ocr_line' id='line_1_17' title="bbox 121 1678 1018 1762; baseline 0 -21"><span class='ocrx_word' id='word_1_113' title='bbox 121 1699 202 1742; x_wconf 93' lang='lat' dir='ltr'>arma</span> <span class='ocrx_word' id='word_1_114' title='bbox 223 1682 379 1762; x_wconf 89' lang='lat' dir='ltr'>virumque</span> <span class='ocrx_word' id='word_1_115' title='bbox 401 1684 515 1757; x_wconf 88' lang='lat' dir='ltr'>lerens,</span> <span class='ocrx_word' id='word_1_116' title='bbox 538 1691 601 1743; x_wconf 94' lang='lat' dir='ltr'>tum</span> <span class='ocrx_word' id='word_1_117' title='bbox 624 1700 739 1744; x_wconf 90' lang='lat' dir='ltr'>summa</span> <span class='ocrx_word' id='word_1_118' title='bbox 761 1681 854 1762; x_wconf 90' lang='lat' dir='ltr'>ipsius</span> <span class='ocrx_word' id='word_1_119' title='bbox 876 1678 912 1741; x_wconf 94' lang='lat' dir='ltr'>ab</span> <span class='ocrx_word' id='word_1_120' title='bbox 935 1681 1018 1742; x_wconf 90' lang='lat' dir='ltr'>hasta</span> 
     </span>
    </p>

    <p class='ocr_par' dir='ltr' id='par_1_17' title="bbox 123 1766 862 1847">
     <span class='ocr_line' id='line_1_18' title="bbox 123 1766 862 1847; baseline 0 -20"><span class='ocrx_word' id='word_1_121' title='bbox 123 1766 264 1846; x_wconf 81' lang='lat' dir='ltr'>defringit</span> <span class='ocrx_word' id='word_1_122' title='bbox 286 1768 397 1828; x_wconf 91' lang='lat' dir='ltr'>lerrum</span> <span class='ocrx_word' id='word_1_123' title='bbox 420 1775 449 1828; x_wconf 88' lang='lat' dir='ltr'>et</span> <span class='ocrx_word' id='word_1_124' title='bbox 471 1768 563 1846; x_wconf 89' lang='lat' dir='ltr'>partis</span> <span class='ocrx_word' id='word_1_125' title='bbox 584 1767 709 1828; x_wconf 87' lang='lat' dir='ltr'>rimatur</span> <span class='ocrx_word' id='word_1_126' title='bbox 730 1776 862 1847; x_wconf 90' lang='lat' dir='ltr'>apertas,</span> 
     </span>
    </p>

    <p class='ocr_par' dir='ltr' id='par_1_18' title="bbox 98 1851 925 1931">
     <span class='ocr_line' id='line_1_19' title="bbox 98 1851 925 1931; baseline -0.002 -18"><span class='ocrx_word' id='word_1_127' title='bbox 98 1872 101 1877; x_wconf 89' lang='lat'>·</span> <span class='ocrx_word' id='word_1_128' title='bbox 122 1870 181 1930; x_wconf 95' lang='lat' dir='ltr'>qua</span> <span class='ocrx_word' id='word_1_129' title='bbox 202 1852 308 1914; x_wconf 88' lang='lat' dir='ltr'>volnus</span> <span class='ocrx_word' id='word_1_130' title='bbox 330 1852 416 1914; x_wconf 88' lang='lat' dir='ltr'>letale</span> <span class='ocrx_word' id='word_1_131' title='bbox 437 1853 528 1928; x_wconf 88' lang='lat' dir='ltr'>lerat;</span> <span class='ocrx_word' id='word_1_132' title='bbox 558 1861 662 1914; x_wconf 91' lang='lat' dir='ltr'>contra</span> <span class='ocrx_word' id='word_1_133' title='bbox 683 1851 731 1912; x_wconf 89' lang='lat' dir='ltr'>ille</span> <span class='ocrx_word' id='word_1_134' title='bbox 753 1869 925 1931; x_wconf 84' lang='lat' dir='ltr'>repugnans</span> 
     </span>
    </p>

    <p class='ocr_par' dir='ltr' id='par_1_19' title="bbox 122 1935 918 2017">
     <span class='ocr_line' id='line_1_20' title="bbox 122 1935 918 2017; baseline -0.003 -20"><span class='ocrx_word' id='word_1_135' title='bbox 122 1937 249 1998; x_wconf 90' lang='lat' dir='ltr'>sustinet</span> <span class='ocrx_word' id='word_1_136' title='bbox 270 1955 285 1996; x_wconf 88' lang='lat' dir='ltr'>a</span> <span class='ocrx_word' id='word_1_137' title='bbox 308 1937 409 2017; x_wconf 90' lang='lat' dir='ltr'>iugulo</span> <span class='ocrx_word' id='word_1_138' title='bbox 432 1936 564 1998; x_wconf 84' lang='lat' dir='ltr'>dextram</span> <span class='ocrx_word' id='word_1_139' title='bbox 587 1944 617 1998; x_wconf 93' lang='lat' dir='ltr'>et</span> <span class='ocrx_word' id='word_1_140' title='bbox 638 1937 696 1997; x_wconf 89' lang='lat' dir='ltr'>vim</span> <span class='ocrx_word' id='word_1_141' title='bbox 717 1935 829 1998; x_wconf 90' lang='lat' dir='ltr'>viribus</span> <span class='ocrx_word' id='word_1_142' title='bbox 851 1935 918 1996; x_wconf 80' lang='lat' dir='ltr'>exit.</span> 
     </span>
    </p>

    <p class='ocr_par' dir='ltr' id='par_1_20' title="bbox 122 2021 925 2103">
     <span class='ocr_line' id='line_1_21' title="bbox 122 2021 925 2103; baseline -0.002 -21"><span class='ocrx_word' id='word_1_143' title='bbox 122 2029 214 2100; x_wconf 90' lang='lat' dir='ltr'>utque</span> <span class='ocrx_word' id='word_1_144' title='bbox 235 2022 336 2084; x_wconf 88' lang='lat' dir='ltr'>volans</span> <span class='ocrx_word' id='word_1_145' title='bbox 359 2023 416 2083; x_wconf 93' lang='lat' dir='ltr'>alte</span> <span class='ocrx_word' id='word_1_146' title='bbox 437 2030 555 2103; x_wconf 90' lang='lat' dir='ltr'>raptum</span> <span class='ocrx_word' id='word_1_147' title='bbox 577 2041 645 2083; x_wconf 93' lang='lat' dir='ltr'>cum</span> <span class='ocrx_word' id='word_1_148' title='bbox 667 2021 744 2082; x_wconf 83' lang='lat' dir='ltr'>fulva</span> <span class='ocrx_word' id='word_1_149' title='bbox 766 2021 925 2082; x_wconf 91' lang='lat' dir='ltr'>draconem</span> 
     </span>
    </p>

    <p class='ocr_par' dir='ltr' id='par_1_21' title="bbox 123 2103 1051 2187">
     <span class='ocr_line' id='line_1_22' title="bbox 123 2103 1051 2187; baseline -0.002 -21"><span class='ocrx_word' id='word_1_150' title='bbox 123 2107 180 2166; x_wconf 89' lang='lat' dir='ltr'>lert</span> <span class='ocrx_word' id='word_1_151' title='bbox 202 2106 299 2184; x_wconf 93' lang='lat' dir='ltr'>aquila</span> <span class='ocrx_word' id='word_1_152' title='bbox 320 2108 523 2187; x_wconf 89' lang='lat' dir='ltr'>imphcuitque</span> <span class='ocrx_word' id='word_1_153' title='bbox 544 2108 635 2186; x_wconf 90' lang='lat' dir='ltr'>pedes</span> <span class='ocrx_word' id='word_1_154' title='bbox 656 2114 746 2185; x_wconf 91' lang='lat' dir='ltr'>atque</span> <span class='ocrx_word' id='word_1_155' title='bbox 769 2105 920 2185; x_wconf 91' lang='lat' dir='ltr'>unguibus</span> <span class='ocrx_word' id='word_1_156' title='bbox 941 2103 1051 2177; x_wconf 81' lang='lat' dir='ltr'>haesit,</span> 
     </span>
    </p>

    <p class='ocr_par' dir='ltr' id='par_1_22' title="bbox 123 2191 867 2271">
     <span class='ocr_line' id='line_1_23' title="bbox 123 2191 867 2271; baseline 0 -20"><span class='ocrx_word' id='word_1_157' title='bbox 123 2191 240 2252; x_wconf 88' lang='lat' dir='ltr'>saucius</span> <span class='ocrx_word' id='word_1_158' title='bbox 263 2201 293 2252; x_wconf 93' lang='lat' dir='ltr'>at</span> <span class='ocrx_word' id='word_1_159' title='bbox 313 2210 437 2271; x_wconf 89' lang='lat' dir='ltr'>serpens</span> <span class='ocrx_word' id='word_1_160' title='bbox 458 2193 579 2254; x_wconf 90' lang='lat' dir='ltr'>sinuosa</span> <span class='ocrx_word' id='word_1_161' title='bbox 600 2191 748 2254; x_wconf 89' lang='lat' dir='ltr'>volumina</span> <span class='ocrx_word' id='word_1_162' title='bbox 770 2199 867 2252; x_wconf 83' lang='lat' dir='ltr'>versat</span> 
     </span>
    </p>

    <p class='ocr_par' dir='ltr' id='par_1_23' title="bbox 123 2275 822 2356">
     <span class='ocr_line' id='line_1_24' title="bbox 123 2275 822 2356; baseline 0.001 -21"><span class='ocrx_word' id='word_1_163' title='bbox 123 2276 305 2356; x_wconf 88' lang='lat' dir='ltr'>arrectisque</span> <span class='ocrx_word' id='word_1_164' title='bbox 326 2278 429 2338; x_wconf 88' lang='lat' dir='ltr'>horret</span> <span class='ocrx_word' id='word_1_165' title='bbox 449 2278 578 2356; x_wconf 90' lang='lat' dir='ltr'>squamis</span> <span class='ocrx_word' id='word_1_166' title='bbox 601 2285 631 2338; x_wconf 90' lang='lat' dir='ltr'>et</span> <span class='ocrx_word' id='word_1_167' title='bbox 652 2275 749 2338; x_wconf 89' lang='lat' dir='ltr'>sibilat</span> <span class='ocrx_word' id='word_1_168' title='bbox 770 2293 822 2336; x_wconf 89' lang='lat' dir='ltr'>ore</span> 
     </span>
    </p>

    <p class='ocr_par' dir='ltr' id='par_1_24' title="bbox 123 2359 969 2441">
     <span class='ocr_line' id='line_1_25' title="bbox 123 2359 969 2441; baseline -0.001 -21"><span class='ocrx_word' id='word_1_169' title='bbox 123 2360 234 2422; x_wconf 92' lang='lat' dir='ltr'>arduus</span> <span class='ocrx_word' id='word_1_170' title='bbox 256 2362 429 2441; x_wconf 85' lang='lat' dir='ltr'>insurgens,</span> <span class='ocrx_word' id='word_1_171' title='bbox 452 2362 500 2423; x_wconf 94' lang='lat' dir='ltr'>illa</span> <span class='ocrx_word' id='word_1_172' title='bbox 521 2361 600 2422; x_wconf 92' lang='lat' dir='ltr'>haud</span> <span class='ocrx_word' id='word_1_173' title='bbox 620 2361 719 2422; x_wconf 90' lang='lat' dir='ltr'>minus</span> <span class='ocrx_word' id='word_1_174' title='bbox 740 2369 829 2440; x_wconf 84' lang='lat' dir='ltr'>urget</span> <span class='ocrx_word' id='word_1_175' title='bbox 850 2359 969 2421; x_wconf 92' lang='lat' dir='ltr'>obunco</span> 
     </span>
    </p>

    <p class='ocr_par' dir='ltr' id='par_1_25' title="bbox 124 2444 920 2520">
     <span class='ocr_line' id='line_1_26' title="bbox 124 2444 920 2520; baseline -0.001 -15"><span class='ocrx_word' id='word_1_176' title='bbox 124 2445 286 2506; x_wconf 88' lang='lat' dir='ltr'>luctantem</span> <span class='ocrx_word' id='word_1_177' title='bbox 308 2455 424 2520; x_wconf 91' lang='lat' dir='ltr'>rostro,</span> <span class='ocrx_word' id='word_1_178' title='bbox 446 2447 534 2507; x_wconf 90' lang='lat' dir='ltr'>simul</span> <span class='ocrx_word' id='word_1_179' title='bbox 556 2447 674 2507; x_wconf 87' lang='lat' dir='ltr'>aethora</span> <span class='ocrx_word' id='word_1_180' title='bbox 695 2445 830 2507; x_wconf 86' lang='lat' dir='ltr'>verberat</span> <span class='ocrx_word' id='word_1_181' title='bbox 851 2444 920 2518; x_wconf 91' lang='lat' dir='ltr'>alis,</span> 
     </span>
    </p>

    <p class='ocr_par' dir='ltr' id='par_1_26' title="bbox 123 2528 1007 2609">
     <span class='ocr_line' id='line_1_27' title="bbox 123 2528 1007 2609; baseline 0 -21"><span class='ocrx_word' id='word_1_182' title='bbox 123 2528 203 2589; x_wconf 90' lang='lat' dir='ltr'>haud</span> <span class='ocrx_word' id='word_1_183' title='bbox 225 2530 309 2590; x_wconf 87' lang='lat' dir='ltr'>aliter</span> <span class='ocrx_word' id='word_1_184' title='bbox 330 2530 470 2609; x_wconf 90' lang='lat' dir='ltr'>praedam</span> <span class='ocrx_word' id='word_1_185' title='bbox 491 2531 649 2592; x_wconf 91' lang='lat' dir='ltr'>Tiburtum</span> <span class='ocrx_word' id='word_1_186' title='bbox 671 2549 708 2592; x_wconf 83' lang='lat' dir='ltr'>ex</span> <span class='ocrx_word' id='word_1_187' title='bbox 729 2530 847 2609; x_wconf 90' lang='lat' dir='ltr'>agmine</span> <span class='ocrx_word' id='word_1_188' title='bbox 869 2529 1007 2590; x_wconf 87' lang='lat' dir='ltr'>Tarchon</span> 
     </span>
    </p>

    <p class='ocr_par' dir='ltr' id='par_1_27' title="bbox 124 2613 996 2695">
     <span class='ocr_line' id='line_1_28' title="bbox 124 2613 996 2695; baseline -0.001 -21"><span class='ocrx_word' id='word_1_189' title='bbox 124 2621 226 2692; x_wconf 89' lang='lat' dir='ltr'>portat</span> <span class='ocrx_word' id='word_1_190' title='bbox 247 2633 346 2676; x_wconf 84' lang='lat' dir='ltr'>ovans.</span> <span class='ocrx_word' id='word_1_191' title='bbox 390 2614 473 2677; x_wconf 92' lang='lat' dir='ltr'>ducis</span> <span class='ocrx_word' id='word_1_192' title='bbox 494 2616 662 2695; x_wconf 82' lang='lat' dir='ltr'>exemplum</span> <span class='ocrx_word' id='word_1_193' title='bbox 683 2623 880 2694; x_wconf 87' lang='lat' dir='ltr'>eventumque</span> <span class='ocrx_word' id='word_1_194' title='bbox 902 2613 996 2675; x_wconf 91' lang='lat' dir='ltr'>secuti</span> 
     </span>
    </p>

    <p class='ocr_par' dir='ltr' id='par_1_28' title="bbox 125 2697 999 2762">
     <span class='ocr_line' id='line_1_29' title="bbox 125 2697 999 2762; baseline 0 -3"><span class='ocrx_word' id='word_1_195' title='bbox 125 2697 296 2762; x_wconf 78' lang='lat' dir='ltr'>Maeonidae</span> <span class='ocrx_word' id='word_1_196' title='bbox 318 2700 485 2761; x_wconf 88' lang='lat' dir='ltr'>incurrunt.</span> <span class='ocrx_word' id='word_1_197' title='bbox 509 2736 549 2745; x_wconf 92' lang='lat'>—</span> <span class='ocrx_word' id='word_1_198' title='bbox 572 2710 636 2762; x_wconf 93' lang='lat' dir='ltr'>tum</span> <span class='ocrx_word' id='word_1_199' title='bbox 657 2700 723 2762; x_wconf 85' lang='lat' dir='ltr'>latis</span> <span class='ocrx_word' id='word_1_200' title='bbox 745 2699 863 2761; x_wconf 91' lang='lat' dir='ltr'>debitus</span> <span class='ocrx_word' id='word_1_201' title='bbox 884 2701 999 2760; x_wconf 78' lang='lat' dir='ltr'>Arruns</span> 
     </span>
    </p>

    <p class='ocr_par' dir='ltr' id='par_1_29' title="bbox 125 2783 899 2865">
     <span class='ocr_line' id='line_1_30' title="bbox 125 2783 899 2865; baseline 0.001 -22"><span class='ocrx_word' id='word_1_202' title='bbox 125 2783 256 2845; x_wconf 85' lang='lat' dir='ltr'>velocem</span> <span class='ocrx_word' id='word_1_203' title='bbox 278 2785 374 2846; x_wconf 91' lang='lat' dir='ltr'>iaculo</span> <span class='ocrx_word' id='word_1_204' title='bbox 397 2793 427 2846; x_wconf 93' lang='lat' dir='ltr'>et</span> <span class='ocrx_word' id='word_1_205' title='bbox 447 2784 539 2846; x_wconf 88' lang='lat' dir='ltr'>multa</span> <span class='ocrx_word' id='word_1_206' title='bbox 561 2786 644 2865; x_wconf 91' lang='lat' dir='ltr'>prior</span> <span class='ocrx_word' id='word_1_207' title='bbox 665 2794 728 2846; x_wconf 87' lang='lat' dir='ltr'>arte</span> <span class='ocrx_word' id='word_1_208' title='bbox 751 2784 899 2848; x_wconf 83' lang='lat' dir='ltr'>Camillam</span> 
     </span>
    </p>

    <p class='ocr_par' dir='ltr' id='par_1_30' title="bbox 126 2868 927 2949">
     <span class='ocr_line' id='line_1_31' title="bbox 126 2868 927 2949; baseline -0.001 -20"><span class='ocrx_word' id='word_1_209' title='bbox 126 2868 232 2932; x_wconf 92' lang='lat' dir='ltr'>circuit</span> <span class='ocrx_word' id='word_1_210' title='bbox 254 2878 298 2945; x_wconf 88' lang='lat' dir='ltr'>et,</span> <span class='ocrx_word' id='word_1_211' title='bbox 321 2888 397 2949; x_wconf 90' lang='lat' dir='ltr'>quae</span> <span class='ocrx_word' id='word_1_212' title='bbox 419 2869 458 2932; x_wconf 93' lang='lat' dir='ltr'>sit</span> <span class='ocrx_word' id='word_1_213' title='bbox 479 2871 599 2932; x_wconf 84' lang='lat' dir='ltr'>fortuna</span> <span class='ocrx_word' id='word_1_214' title='bbox 622 2870 772 2945; x_wconf 78' lang='lat' dir='ltr'>facillima,</span> <span class='ocrx_word' id='word_1_215' title='bbox 795 2875 927 2948; x_wconf 91' lang='lat' dir='ltr'>temptat.</span> 
     </span>
    </p>

    <p class='ocr_par' dir='ltr' id='par_1_31' title="bbox 127 2952 977 3035">
     <span class='ocr_line' id='line_1_32' title="bbox 127 2952 977 3035; baseline -0.002 -21"><span class='ocrx_word' id='word_1_216' title='bbox 127 2972 185 3032; x_wconf 88' lang='lat' dir='ltr'>qua</span> <span class='ocrx_word' id='word_1_217' title='bbox 206 2974 238 3016; x_wconf 91' lang='lat' dir='ltr'>se</span> <span class='ocrx_word' id='word_1_218' title='bbox 260 2973 387 3035; x_wconf 91' lang='lat' dir='ltr'>cumque</span> <span class='ocrx_word' id='word_1_219' title='bbox 409 2957 514 3017; x_wconf 86' lang='lat' dir='ltr'>furens</span> <span class='ocrx_word' id='word_1_220' title='bbox 535 2955 632 3016; x_wconf 89' lang='lat' dir='ltr'>medio</span> <span class='ocrx_word' id='word_1_221' title='bbox 654 2954 722 3016; x_wconf 93' lang='lat' dir='ltr'>tulit</span> <span class='ocrx_word' id='word_1_222' title='bbox 742 2953 860 3033; x_wconf 91' lang='lat' dir='ltr'>agmine</span> <span class='ocrx_word' id='word_1_223' title='bbox 880 2952 977 3032; x_wconf 83' lang='lat' dir='ltr'>virgo,</span> 
     </span>
    </p>

    <p class='ocr_par' dir='ltr' id='par_1_32' title="bbox 127 3038 881 3117">
     <span class='ocr_line' id='line_1_33' title="bbox 127 3038 881 3117; baseline 0 -19"><span class='ocrx_word' id='word_1_224' title='bbox 127 3038 181 3100; x_wconf 93' lang='lat' dir='ltr'>hac</span> <span class='ocrx_word' id='word_1_225' title='bbox 204 3042 317 3101; x_wconf 82' lang='lat' dir='ltr'>Arruns</span> <span class='ocrx_word' id='word_1_226' title='bbox 338 3039 419 3102; x_wconf 91' lang='lat' dir='ltr'>subit</span> <span class='ocrx_word' id='word_1_227' title='bbox 440 3049 471 3101; x_wconf 88' lang='lat' dir='ltr'>et</span> <span class='ocrx_word' id='word_1_228' title='bbox 491 3039 596 3101; x_wconf 90' lang='lat' dir='ltr'>tacitus</span> <span class='ocrx_word' id='word_1_229' title='bbox 618 3039 740 3117; x_wconf 88' lang='lat' dir='ltr'>vestigia</span> <span class='ocrx_word' id='word_1_230' title='bbox 760 3039 881 3114; x_wconf 83' lang='lat' dir='ltr'>lustrat3</span> 
     </span>
    </p>

    <p class='ocr_par' dir='ltr' id='par_1_33' title="bbox 127 3124 999 3205">
     <span class='ocr_line' id='line_1_34' title="bbox 127 3124 999 3205; baseline -0.001 -23"><span class='ocrx_word' id='word_1_231' title='bbox 127 3140 187 3200; x_wconf 92' lang='lat' dir='ltr'>qua</span> <span class='ocrx_word' id='word_1_232' title='bbox 207 3124 311 3184; x_wconf 83' lang='lat' dir='ltr'>victrix</span> <span class='ocrx_word' id='word_1_233' title='bbox 332 3126 409 3187; x_wconf 91' lang='lat' dir='ltr'>redit</span> <span class='ocrx_word' id='word_1_234' title='bbox 429 3125 478 3185; x_wconf 95' lang='lat' dir='ltr'>illa</span> <span class='ocrx_word' id='word_1_235' title='bbox 499 3124 666 3205; x_wconf 90' lang='lat' dir='ltr'>pedemque</span> <span class='ocrx_word' id='word_1_236' title='bbox 688 3142 725 3184; x_wconf 86' lang='lat' dir='ltr'>ex</span> <span class='ocrx_word' id='word_1_237' title='bbox 745 3124 831 3184; x_wconf 90' lang='lat' dir='ltr'>hoste</span> <span class='ocrx_word' id='word_1_238' title='bbox 852 3128 999 3202; x_wconf 89' lang='lat' dir='ltr'>reportat,</span> 
     </span>
    </p>

    <p class='ocr_par' dir='ltr' id='par_1_34' title="bbox 128 3206 911 3289">
     <span class='ocr_line' id='line_1_35' title="bbox 128 3206 911 3289; baseline 0.004 -23"><span class='ocrx_word' id='word_1_239' title='bbox 128 3206 184 3266; x_wconf 90' lang='lat' dir='ltr'>hac</span> <span class='ocrx_word' id='word_1_240' title='bbox 205 3207 319 3270; x_wconf 89' lang='lat' dir='ltr'>iuvenis</span> <span class='ocrx_word' id='word_1_241' title='bbox 340 3208 441 3270; x_wconf 86' lang='lat' dir='ltr'>furtim</span> <span class='ocrx_word' id='word_1_242' title='bbox 465 3209 570 3270; x_wconf 86' lang='lat' dir='ltr'>celeris</span> <span class='ocrx_word' id='word_1_243' title='bbox 591 3209 750 3289; x_wconf 90' lang='lat' dir='ltr'>detorquet</span> <span class='ocrx_word' id='word_1_244' title='bbox 770 3208 911 3270; x_wconf 70' lang='lat' dir='ltr'>habenas·</span> 
     </span>
    </p>

    <p class='ocr_par' dir='ltr' id='par_1_35' title="bbox 128 3290 995 3373">
     <span class='ocr_line' id='line_1_36' title="bbox 128 3290 995 3373; baseline -0.001 -22"><span class='ocrx_word' id='word_1_245' title='bbox 128 3290 184 3352; x_wconf 88' lang='lat' dir='ltr'>hos</span> <span class='ocrx_word' id='word_1_246' title='bbox 205 3292 301 3354; x_wconf 92' lang='lat' dir='ltr'>aditus</span> <span class='ocrx_word' id='word_1_247' title='bbox 322 3293 440 3373; x_wconf 88' lang='lat' dir='ltr'>iamque</span> <span class='ocrx_word' id='word_1_248' title='bbox 461 3293 517 3355; x_wconf 91' lang='lat' dir='ltr'>bos</span> <span class='ocrx_word' id='word_1_249' title='bbox 538 3293 635 3356; x_wconf 91' lang='lat' dir='ltr'>aditus</span> <span class='ocrx_word' id='word_1_250' title='bbox 658 3311 837 3372; x_wconf 86' lang='lat' dir='ltr'>omnemque</span> <span class='ocrx_word' id='word_1_251' title='bbox 859 3298 995 3372; x_wconf 86' lang='lat' dir='ltr'>pererrat</span> 
     </span>
    </p>

    <p class='ocr_par' dir='ltr' id='par_1_36' title="bbox 128 3376 1057 3543">
     <span class='ocr_line' id='line_1_37' title="bbox 128 3376 1057 3459; baseline 0 -24"><span class='ocrx_word' id='word_1_252' title='bbox 128 3376 259 3455; x_wconf 90' lang='lat' dir='ltr'>undique</span> <span class='ocrx_word' id='word_1_253' title='bbox 281 3378 437 3439; x_wconf 91' lang='lat' dir='ltr'>circuitum</span> <span class='ocrx_word' id='word_1_254' title='bbox 459 3387 489 3440; x_wconf 86' lang='lat' dir='ltr'>et</span> <span class='ocrx_word' id='word_1_255' title='bbox 510 3387 621 3440; x_wconf 87' lang='lat' dir='ltr'>certam</span> <span class='ocrx_word' id='word_1_256' title='bbox 642 3379 738 3459; x_wconf 90' lang='lat' dir='ltr'>quatit</span> <span class='ocrx_word' id='word_1_257' title='bbox 758 3377 912 3458; x_wconf 86' lang='lat' dir='ltr'>improbus</span> <span class='ocrx_word' id='word_1_258' title='bbox 933 3376 1057 3436; x_wconf 89' lang='lat' dir='ltr'>hastam.</span> 
     </span>
     <span class='ocr_line' id='line_1_38' title="bbox 213 3459 1031 3543; baseline -0.001 -22"><span class='ocrx_word' id='word_1_259' title='bbox 213 3461 303 3523; x_wconf 86' lang='lat' dir='ltr'>Forte</span> <span class='ocrx_word' id='word_1_260' title='bbox 323 3480 406 3524; x_wconf 90' lang='lat' dir='ltr'>sacer</span> <span class='ocrx_word' id='word_1_261' title='bbox 429 3462 554 3543; x_wconf 75' lang='lat' dir='ltr'>Cybelae</span> <span class='ocrx_word' id='word_1_262' title='bbox 577 3463 720 3527; x_wconf 79' lang='lat' dir='ltr'>Chloreus</span> <span class='ocrx_word' id='word_1_263' title='bbox 741 3463 872 3542; x_wconf 92' lang='lat' dir='ltr'>olimque</span> <span class='ocrx_word' id='word_1_264' title='bbox 894 3459 1031 3524; x_wconf 88' lang='lat' dir='ltr'>sacerdos</span> 
     </span>
    </p>
   </div>
   <div class='ocr_carea' id='block_1_3' title="bbox 129 3625 1211 3953">
    <p class='ocr_par' dir='ltr' id='par_1_37' title="bbox 130 3625 1210 3762">
     <span class='ocr_line' id='line_1_39' title="bbox 215 3625 1210 3696; baseline -0.001 -17"><span class='ocrx_word' id='word_1_265' title='bbox 215 3630 266 3681; x_wconf 76' lang='grc'>734</span> <span class='ocrx_word' id='word_1_266' title='bbox 301 3628 407 3680; x_wconf 78' lang='lat' dir='ltr'>allontu</span> <span class='ocrx_word' id='word_1_267' title='bbox 423 3627 529 3683; x_wconf 82' lang='lat' dir='ltr'>Mentel</span> <span class='ocrx_word' id='word_1_268' title='bbox 546 3629 590 3695; x_wconf 66' lang='lat' dir='ltr'>lg</span> <span class='ocrx_word' id='word_1_269' title='bbox 658 3632 718 3696; x_wconf 87' lang='lat' dir='ltr'>post</span> <span class='ocrx_word' id='word_1_270' title='bbox 737 3632 785 3683; x_wconf 77' lang='grc'>737</span> <span class='ocrx_word' id='word_1_271' title='bbox 809 3634 906 3696; x_wconf 90' lang='lat' dir='ltr'>puncto</span> <span class='ocrx_word' id='word_1_272' title='bbox 929 3627 988 3679; x_wconf 84' lang='lat' dir='ltr'>dist.</span> <span class='ocrx_word' id='word_1_273' title='bbox 1007 3625 1048 3679; x_wconf 85' lang='lat' dir='ltr'>ill.</span> <span class='ocrx_word' id='word_1_274' title='bbox 1068 3626 1210 3688; x_wconf 64' lang='grc'>181999·</span> 
     </span>
     <span class='ocr_line' id='line_1_40' title="bbox 130 3643 1210 3828; baseline -0.002 -81"><span class='ocrx_word' id='word_1_275' title='bbox 130 3699 190 3762; x_wconf 91' lang='lat' dir='ltr'>post</span> <span class='ocrx_word' id='word_1_276' title='bbox 208 3697 257 3749; x_wconf 81' lang='lat'>&#39;138</span> <span class='ocrx_word' id='word_1_277' title='bbox 275 3643 347 3750; x_wconf 55' lang='lat' dir='ltr'>ssald.</span> <span class='ocrx_word' id='word_1_278' title='bbox 431 3699 480 3752; x_wconf 81' lang='lat'>&#39;138</span> <span class='ocrx_word' id='word_1_279' title='bbox 499 3715 562 3765; x_wconf 71' lang='lat' dir='ltr'>orep</span> <span class='ocrx_word' id='word_1_280' title='bbox 565 3703 653 3750; x_wconf 79' lang='lat' dir='ltr'>octar-o</span> <span class='ocrx_word' id='word_1_281' title='bbox 670 3697 746 3750; x_wconf 87' lang='lat' dir='ltr'>Goth</span> <span class='ocrx_word' id='word_1_282' title='bbox 765 3697 776 3749; x_wconf 93' lang='lat'><em>1</em></span> <span class='ocrx_word' id='word_1_283' title='bbox 794 3702 821 3750; x_wconf 89' lang='lat' dir='ltr'>et</span> <span class='ocrx_word' id='word_1_284' title='bbox 838 3696 924 3762; x_wconf 63' lang='lat' dir='ltr'>htx</span> <span class='ocrx_word' id='word_1_285' title='bbox 918 3694 983 3758; x_wconf 89' lang='lat' dir='ltr'>;.ed</span> <span class='ocrx_word' id='word_1_286' title='bbox 1001 3701 1064 3758; x_wconf 80' lang='lat' dir='ltr'>vet,</span> <span class='ocrx_word' id='word_1_287' title='bbox 1083 3691 1210 3828; x_wconf 70' lang='lat' dir='ltr'>wege]</span> 
     </span>
    </p>

    <p class='ocr_par' dir='ltr' id='par_1_38' title="bbox 129 3715 1211 3953">
     <span class='ocr_line' id='line_1_41' title="bbox 129 3715 1210 3849; baseline -0.001 -34"><span class='ocrx_word' id='word_1_288' title='bbox 129 3766 180 3817; x_wconf 77' lang='lat'>742</span> <span class='ocrx_word' id='word_1_289' title='bbox 199 3765 280 3849; x_wconf 72' lang='lat' dir='ltr'>offert</span> <span class='ocrx_word' id='word_1_290' title='bbox 295 3763 335 3836; x_wconf 77' lang='lat' dir='ltr'>ay</span> <span class='ocrx_word' id='word_1_291' title='bbox 397 3765 484 3848; x_wconf 76' lang='lat' dir='ltr'>&#39;16le</span> <span class='ocrx_word' id='word_1_292' title='bbox 505 3715 613 3819; x_wconf 82' lang='lat' dir='ltr'>fortasse</span> <span class='ocrx_word' id='word_1_293' title='bbox 631 3772 691 3834; x_wconf 88' lang='lat' dir='ltr'>post</span> <span class='ocrx_word' id='word_1_294' title='bbox 708 3767 758 3819; x_wconf 76' lang='lat'>763</span> <span class='ocrx_word' id='word_1_295' title='bbox 777 3764 836 3817; x_wconf 89' lang='lat' dir='ltr'>coll.</span> <span class='ocrx_word' id='word_1_296' title='bbox 856 3779 924 3817; x_wconf 89' lang='lat' dir='ltr'>cens.</span> <span class='ocrx_word' id='word_1_297' title='bbox 943 3762 982 3815; x_wconf 86' lang='lat' dir='ltr'>lll.</span> <span class='ocrx_word' id='word_1_298' title='bbox 1055 3763 1105 3816; x_wconf 82' lang='grc'>’198</span> <span class='ocrx_word' id='word_1_299' title='bbox 1125 3758 1210 3828; x_wconf 68' lang='lat' dir='ltr'>sam]</span> 
     </span>
     <span class='ocr_line' id='line_1_42' title="bbox 130 3828 1211 3953; baseline 0 -71"><span class='ocrx_word' id='word_1_300' title='bbox 130 3838 204 3883; x_wconf 76' lang='lat' dir='ltr'>subu</span> <span class='ocrx_word' id='word_1_301' title='bbox 230 3833 328 3953; x_wconf 76' lang='lat' dir='ltr'>aliquot</span> <span class='ocrx_word' id='word_1_302' title='bbox 345 3828 405 3886; x_wconf 85' lang='lat' dir='ltr'>ont‘</span> <span class='ocrx_word' id='word_1_303' title='bbox 425 3833 503 3886; x_wconf 87' lang='lat' dir='ltr'>Pierii</span> <span class='ocrx_word' id='word_1_304' title='bbox 555 3831 1081 3952; x_wconf 52' lang='lat' dir='ltr'>uyoataattacr.v1,12.0yoatqipn</span> <span class='ocrx_word' id='word_1_305' title='bbox 1114 3829 1211 3899; x_wconf 69' lang='lat' dir='ltr'>optato</span> 
     </span>
    </p>
   </div>
   <div class='ocr_carea' id='block_1_4' title="bbox 130 3852 977 3955">
    <p class='ocr_par' dir='ltr' id='par_1_39' title="bbox 130 3852 977 3955">
     <span class='ocr_line' id='line_1_43' title="bbox 130 3852 977 3955; baseline 0.001 -5"><span class='ocrx_word' id='word_1_306' title='bbox 130 3903 179 3952; x_wconf 87' lang='lat' dir='ltr'>cet.</span> <span class='ocrx_word' id='word_1_307' title='bbox 192 3899 251 3952; x_wconf 89' lang='lat' dir='ltr'>libri</span> <span class='ocrx_word' id='word_1_308' title='bbox 290 3915 342 3954; x_wconf 82' lang='lat' dir='ltr'>err</span> <span class='ocrx_word' id='word_1_309' title='bbox 361 3900 436 3953; x_wconf 86' lang='lat' dir='ltr'>Ribb.</span> <span class='ocrx_word' id='word_1_310' title='bbox 501 3852 627 3954; x_wconf 67' lang='lat' dir='ltr'>Chloreus</span> <span class='ocrx_word' id='word_1_311' title='bbox 645 3919 666 3955; x_wconf 86' lang='grc' dir='ltr'><em>π</em></span> <span class='ocrx_word' id='word_1_312' title='bbox 702 3902 819 3953; x_wconf 73' lang='lat' dir='ltr'>Chorsos</span> <span class='ocrx_word' id='word_1_313' title='bbox 837 3899 891 3952; x_wconf 86' lang='lat' dir='ltr'>bla¹</span> <span class='ocrx_word' id='word_1_314' title='bbox 908 3898 977 3951; x_wconf 77' lang='lat' dir='ltr'>blacr</span> 
     </span>
    </p>
   </div>
   <div class='ocr_carea' id='block_1_5' title="bbox 0 0 1259 4388">
    <p class='ocr_par' dir='ltr' id='par_1_40' title="bbox 0 0 1259 4388">
     <span class='ocr_line' id='line_1_44' title="bbox 0 0 1259 4388; baseline 0 0"><span class='ocrx_word' id='word_1_315' title='bbox 0 0 1259 4388; x_wconf 95' lang='lat' dir='ltr'> </span> 
     </span>
    </p>
   </div>
  </div>
 </body>
</html>
