2474 4388
132 219 173 276 96
504 219 532 274 P.
548 219 673 274 VERGlLl
691 221 850 291 MAROless

134 391 213 452 haud
236 391 373 470 equidem
397 392 491 470 pretio
515 393 654 456 inductus
676 394 862 473 pulchroque
885 396 1013 459 iuvenco

135 477 296 550 venissem,
321 495 376 536 nec
399 477 476 538 dona
498 473 617 539 moror.'
657 479 699 540 sic
721 479 828 541 deinde
851 479 968 544 locutus

135 561 166 621 in
189 561 318 622 medium
341 562 475 639 geminos
497 563 618 624 immani
641 563 775 642 pondere
796 573 913 628 caestus

135 645 275 724 proiecit,
298 646 406 725 quibus
429 666 498 708 acer
520 648 600 727 Eryx
621 648 651 709 in
675 648 787 727 proelia
810 658 912 712 suetus

134 733 212 792 serre
235 749 354 792 manum
378 732 513 811 duroque
535 734 691 794 intendere
713 732 850 795 bracchia
872 743 967 814 tergo.

137 815 305 895 obstipuere
328 817 433 877 animi:
458 826 607 878 tantorum
629 818 761 896 ingentia
783 827 897 898 septem

135 909 216 981 terga
239 900 331 962 boum
353 902 475 980 plumbo
497 902 597 964 insuto
620 904 759 981 ferroque
781 903 927 983 rigebant.

136 995 204 1047 ante
227 987 323 1047 omnis
345 995 445 1066 stupet
465 987 529 1066 ipse
552 987 643 1049 Dares
665 988 814 1067 longeque
836 999 969 1064 recusat;

136 1072 401 1150 magnanimusque
423 1072 615 1134 Anchisiades
637 1081 667 1133 et
688 1072 807 1152 pondus
830 1082 859 1135 et
880 1075 943 1155 ipsa

135 1156 194 1218 huc
216 1157 285 1217 illuc
308 1157 473 1218 vinclorum
495 1157 638 1219 immensa
660 1158 810 1219 volumina
832 1169 937 1222 versat.

135 1250 199 1302 tum
221 1241 322 1302 senior
343 1242 409 1302 talis
430 1243 577 1303 referebat
598 1251 718 1322 pectore
741 1262 841 1304 voces:

133 1318 233 1403 ‘quid‚
257 1327 281 1387 si
304 1327 370 1404 quis
393 1335 507 1388 caestus
529 1328 621 1407 ipsius
644 1337 673 1388 et
694 1327 831 1390 llerculis
852 1346 933 1390 arma

136 1410 254 1471 vidisset
275 1411 448 1490 tristemque
470 1412 527 1474 hcc
549 1413 614 1492 ipso
636 1412 666 1474 in
690 1413 777 1473 litore
798 1410 952 1493 pugnam?

136 1496 209 1556 haec
232 1513 389 1574 germanus
411 1496 489 1575 Eryx
512 1498 661 1576 quondam
684 1505 754 1559 tuus
775 1515 856 1559 arma
878 1498 1001 1578 gerebat

135 1581 291 1659 (sanguine
314 1582 412 1642 cernis
433 1582 528 1643 adhuc
550 1600 714 1661 sparsoque
736 1582 847 1644 inlecta
868 1583 1022 1662 cerebro),

135 1665 182 1726 his
204 1684 344 1744 magnum
366 1666 488 1727 Alciden
512 1676 616 1728 contra
638 1667 734 1741 stetit,
757 1668 804 1729 his
825 1686 881 1747 ego
903 1676 1021 1743 suetus,

134 1750 206 1810 dum
229 1751 334 1811 melior
355 1752 425 1812 viris
447 1754 568 1831 sanguis
590 1751 691 1826 dabat,
715 1752 829 1813 aemula
852 1753 980 1815 necdum

136 1835 318 1915 temporibus
340 1836 466 1915 geminis
489 1837 615 1897 canebat
635 1855 735 1916 sparsa
757 1846 904 1899 senectus.
953 1895 955 1899 ,

136 1920 187 1981 sed
209 1920 234 1981 si
257 1929 358 1982 nostra
379 1921 470 1982 Dares
492 1922 564 1983 haec
586 1922 694 1983 Trotus
716 1940 797 1982 arma
819 1931 951 1997 recusat,

136 2005 225 2083 idque
247 2006 296 2084 pio
320 2007 402 2067 sedet
424 2008 557 2080 Aeneae,
580 2007 686 2086 probat
708 2015 811 2068 auctor
833 2009 968 2082 Acestes,
1054 2038 1056 2043 ·

136 2108 296 2169 aequemus
318 2111 443 2172 pugnas.
488 2091 590 2172 Erycis
612 2091 665 2152 tibi
688 2100 771 2172 terga
792 2093 910 2154 remitto

134 2176 226 2253 (solve
248 2180 357 2252 metus)
380 2186 409 2238 et
431 2186 464 2238 tu
485 2177 629 2238 'lroianos
652 2195 727 2238 exue
749 2172 883 2239 caestus?

221 2260 300 2321 llaec
323 2262 399 2322 latus
421 2261 568 2340 duplicem
593 2281 628 2322 ex
650 2262 763 2323 umeris
782 2261 886 2323 reiecit
907 2262 1048 2324 amictum

135 2353 166 2405 et
186 2362 311 2422 magnos
332 2345 533 2407 membrorum
556 2355 652 2420 artus,
675 2364 780 2425 magna
803 2365 869 2408 ossa
891 2347 1077 2428 lacertosque

136 2430 216 2490 exuit
238 2438 326 2508 atque
348 2431 455 2510 ingens
477 2431 570 2491 media
593 2430 729 2493 consistit
749 2432 870 2493 harena.

135 2524 198 2575 tum
221 2523 302 2576 satus
323 2516 451 2576 Anchisa
473 2525 588 2578 caestus
610 2524 693 2596 pater
715 2516 819 2577 extulit
839 2535 951 2596 aequos

136 2609 166 2658 et
181 2597 310 2678 ‚paribus
332 2599 442 2678 palmas
464 2599 617 2662 amborum
640 2601 777 2662 innexuit
799 2602 898 2663 armis.

137 2683 269 2745 constitit
291 2685 321 2746 in
345 2684 452 2764 digitos
475 2687 622 2766 extemplo
645 2694 778 2748 arrectus
799 2696 926 2765 uterque

135 2767 331 2849 bracchiaque
354 2772 390 2832 ad
412 2789 534 2850 superas
555 2770 709 2833 interritus
732 2771 835 2832 extulit
856 2789 951 2833 auras.

137 2853 285 2915 abduxere
307 2865 388 2917 retro
410 2856 499 2936 longe
522 2857 616 2936 capita
638 2855 728 2918 ardua
751 2854 786 2916 ab
809 2856 869 2918 ictu

137 2938 362 3019 immiscentque
385 2960 490 3002 manus
511 2940 647 3002 manibus
669 2959 859 3020 pugnamque
881 2941 1045 3015 lacessunt,

135 3023 184 3084 ille
208 3025 316 3103 pedum
338 3026 443 3086 melior
466 3036 548 3087 motu
570 3027 722 3104 fretusque
744 3026 878 3099 iuventa,
1174 3037 1217 3088 tw

136 3108 184 3168 bic
206 3109 347 3171 membris
369 3119 398 3172 et
419 3110 496 3171 mole
519 3111 633 3184 valeus3
656 3112 707 3172 sed
729 3110 812 3171 tarda
833 3110 973 3172 trementi

138 3210 234 3272 genua
257 3194 371 3269 labant,
395 3203 491 3256 vastos
514 3196 607 3274 quatit
628 3214 715 3276 aeger
737 3195 884 3258 anhelitus
906 3205 997 3257 artua.

137 3278 228 3338 multa
250 3279 304 3340 viri
327 3281 508 3359 nequiquam
530 3280 608 3341 inter
630 3299 661 3342 se
683 3281 804 3342 volnera
825 3280 950 3354 iactant,

135 3363 228 3422 multa
251 3382 320 3424 cavo
342 3365 426 3426 lateri
449 3366 634 3446 ingeminant
656 3375 685 3427 et
706 3374 826 3446 pectora
848 3374 945 3426 vastos

134 3446 207 3508 dant
229 3448 358 3524 sonitus,
383 3460 519 3530 erratque
542 3451 620 3512 auris
643 3459 672 3512 et
693 3461 827 3530 tempora
849 3450 961 3511 circum
1174 3461 1221 3512 4³5

137 3531 240 3593 crebra
263 3552 381 3609 manus,
406 3535 481 3596 duro
503 3535 650 3615 crepitant
671 3535 727 3598 sub
749 3535 871 3596 volnere
894 3535 995 3595 malae.

136 3626 194 3677 stat
215 3619 309 3697 gravis
332 3619 466 3682 Entellus
489 3621 615 3699 nisuque
637 3621 776 3681 immotus
798 3620 917 3694 eodem,

136 3719 263 3781 corpore
287 3704 343 3764 tela
364 3705 452 3765 modo
475 3714 562 3784 atque
585 3705 677 3766 oculis
699 3704 887 3783 vigilantibus
909 3704 977 3766 erit.

135 3820 340 3831 -——.-

221 3891 272 3942 434
287 3893 394 3955 pectore
412 3889 469 3941 libri
487 3903 525 3955 pr.
543 3888 632 3943 llumb.
644 3888 686 3950 ll.;
705 3889 780 3941 Ribb.
793 3887 854 3942 bad.
