2474 4388
454 252 616 306 rhombos
633 252 692 305 LlB.
710 252 741 307 tt.

62 427 167 505 pudet
190 426 278 488 hians
299 425 428 488 immane
449 443 609 504 comasque
631 426 742 487 arrexit
763 435 792 487 et
813 427 915 488 haeret

62 511 224 576 decoribus
246 529 338 591 super
357 510 551 585 incumbens,
574 511 643 572 lavit
664 511 799 590 improba
820 521 914 573 taeter

62 617 107 660 ›ra
132 615 240 671 cruor,
540 631 546 645 .

62 683 98 746 tic
122 683 189 743 ruit
209 681 241 742 in
263 680 373 743 densos
394 682 492 743 alacer
512 680 676 741 Mezentius
697 680 800 742 hostis.

62 768 209 830 uernitur
229 765 330 828 infelix
353 769 453 828 Acron
476 778 505 827 et
527 764 658 827 calcibus
679 775 773 826 atram
1099 780 1142 829 atu

62 853 161 915 undit
182 852 307 913 humum
327 851 482 931 exspirans
503 851 688 929 infractaque
710 851 767 912 tela
789 860 934 912 cruentat.

62 948 152 1018 rtque
174 937 253 999 idem
274 937 440 1016 fugientem
462 935 540 998 haud
562 947 606 996 est
628 935 766 1014 dignatus
788 935 908 997 Oroden

62 1035 201 1086 tternere
223 1040 279 1084 nec
300 1022 375 1083 iacta
397 1039 520 1083 caecum
542 1021 612 1082 dare
633 1021 756 1100 cuspide
777 1022 899 1083 volnus:

62 1108 170 1170 >brius
191 1107 374 1188 adversoque
395 1107 527 1168 occurrit
548 1125 640 1185 seque
661 1106 724 1167 viro
746 1106 791 1167 vir

62 1191 208 1267 eontulit,
229 1192 307 1254 haud
329 1193 408 1254 furto
432 1191 550 1266 mehor,
573 1190 625 1253 sed
646 1191 774 1253 fortibus
795 1192 894 1253 armis.
1099 1201 1144 1252 555

62 1290 128 1341 tum
150 1295 243 1357 super
264 1277 412 1339 abiectum
433 1277 531 1357 posito
552 1278 627 1356 pede
650 1274 738 1338 nixus
759 1287 789 1337 et
810 1277 907 1338 hasta:

62 1357 145 1444 ¹pars
167 1362 237 1424 belli
257 1363 335 1424 haud
357 1363 532 1437 temnenda,
555 1362 625 1437 viri,
647 1362 723 1423 iacet
744 1362 820 1424 altus
842 1353 974 1424 Orodes.³

62 1448 256 1510 conclamant
276 1446 350 1509 socii
371 1448 481 1510 laetum
502 1465 615 1527 paeana
636 1447 741 1508 secuti.

61 1533 114 1595 'dle
137 1542 238 1594 autem
260 1532 429 1612 exspirans:
448 1525 525 1594 ‘non
548 1551 611 1604 me,
634 1532 814 1611 quicumque
836 1551 886 1605 es,
910 1531 1022 1606 inulto,

61 1619 178 1693 victor,
201 1636 258 1680 nec
279 1618 402 1698 longum
425 1617 586 1679 laetabere:
610 1626 640 1678 te
663 1634 782 1695 quoque
804 1619 862 1678 fata
1103 1628 1146 1677 740

61 1712 261 1784 prospectant
281 1703 377 1783 paria,
400 1713 489 1782 atque
510 1703 614 1762 eadem
634 1720 704 1763 mor
726 1718 793 1762 arva
816 1692 949 1764 tenebis?

61 1790 101 1850 ad
126 1807 202 1870 quae
223 1787 381 1850 subridens
402 1789 493 1849 mixta
513 1787 675 1849 Mezentius
696 1787 754 1848 ira:

61 1869 162 1935 ‘nunc
185 1891 311 1935 morere.
355 1884 401 1934 ast
423 1873 459 1934 de
480 1891 528 1934 me
550 1873 648 1933 divom
669 1881 755 1952 pater
776 1881 865 1949 atque
886 1871 1041 1932 hominum
1065 1889 1116 1931 rer

63 1949 192 2020 viderit'
238 1959 295 2019 hoc
317 1957 420 2020 dicens
441 1958 542 2020 eduxit
564 1976 691 2038 corpore
713 1957 821 2031 telum;

65 2044 120 2106 olli
142 2043 216 2104 dura
237 2043 321 2122 quies
343 2044 447 2106 oculos
468 2053 498 2104 et
518 2044 633 2117 ferreus
656 2052 742 2119 urget
798 2078 801 2084 Δ
1099 2051 1143 2100 ‘tto

65 2146 209 2200 somnus,
231 2128 262 2190 in
284 2139 435 2190 aeternam
458 2128 636 2190 clauduntur
658 2127 770 2189 lumina
793 2135 921 2185 noctem.

156 2213 297 2276 Caedicus
319 2214 493 2275 Alcathoum
516 2213 691 2287 obtruncat,
715 2213 854 2273 Sacrator
876 2210 1052 2290 Hydaspen,

66 2298 321 2378 Partheniumque
343 2299 425 2380 Rapo
448 2309 478 2360 et
499 2299 677 2378 praedurum
700 2296 811 2358 viribus
833 2295 945 2369 Omen,

67 2385 222 2464 Messapus
243 2384 445 2464 Croniumque
466 2384 708 2464 Lycaoniumque
730 2381 886 2453 Ericetcn,

67 2471 153 2533 illum
175 2469 301 2531 infrenis
323 2469 392 2549 equi
414 2469 497 2549 lapsu
521 2470 626 2531 tellure
647 2471 809 2540 iacentem,
1105 2477 1148 2526 atu

67 2558 152 2618 hunc
174 2554 312 2634 peditem.
356 2554 448 2634 pedes
469 2564 499 2616 et
521 2554 629 2635 Lycius
649 2562 837 2634 processerat
857 2551 944 2632 Agis,

68 2659 161 2720 quem
184 2650 280 2701 tamen
302 2640 380 2702 haud
403 2657 509 2720 expers
530 2639 653 2701 Valems
675 2637 790 2700 virtutis
813 2638 906 2698 avitae

67 2725 175 2800 deicit;
197 2734 227 2786 at
248 2724 414 2787 Thronium
437 2724 532 2786 Salius
554 2724 725 2802 Saliumque
746 2722 868 2784 Nealces

70 2809 200 2889 insignis
220 2809 316 2872 iaculo
338 2819 369 2872 et
388 2810 479 2889 longe
501 2809 621 2870 fallente
642 2809 756 2888 sagitta.

158 2894 219 2955 lam
240 2895 336 2976 gravis
356 2894 502 2976 aequabat
522 2896 621 2957 luctus
643 2902 674 2954 et
695 2902 796 2953 mutua
818 2891 934 2951 Mavors
1109 2900 1151 2949 755

69 2984 194 3055 funera,
216 2979 381 3042 caedebant
401 2980 514 3060 pariter
535 2979 706 3060 pariterque
728 2976 856 3038 ruebant

68 3066 199 3128 victores
218 3064 363 3145 victique,
387 3083 485 3145 neque
506 3065 552 3127 his
575 3066 644 3143 fuga
667 3073 738 3124 nota
760 3078 859 3141 neque
881 3060 948 3122 illis.

69 3151 102 3212 di
124 3149 201 3211 lovis
222 3149 253 3211 in
276 3151 361 3213 tectis
383 3150 457 3212 iram
479 3151 657 3212 miserantur
678 3148 799 3209 inanem

70 3236 228 3298 amborum
251 3246 281 3297 et
301 3245 401 3298 tantus
422 3235 595 3298 mortalibus
617 3253 682 3296 esse
703 3232 837 3306 labores;

69 3320 145 3382 hinc
166 3320 282 3393 Venus,
303 3320 374 3382 hinc
397 3330 501 3382 contra
523 3331 637 3399 spectat
660 3318 797 3380 Saturnia
820 3317 905 3379 luno.
1112 3321 1156 3372 ltu

70 3404 180 3487 pallida
202 3404 365 3485 Tisiphone
388 3405 485 3468 media
506 3407 586 3467 inter
608 3404 687 3465 milia
709 3403 809 3465 saevit.

71 3500 195 3552 atvero
218 3490 371 3569 ingentem
394 3490 530 3570 quatiens
552 3490 715 3551 Mezentius
736 3489 848 3549 hastam

71 3574 211 3638 turbidus
232 3574 399 3655 ingreditur
420 3594 535 3655 campo.
581 3592 667 3653 quam
689 3591 816 3653 magnus
839 3570 948 3642 Orion,

162 3728 214 3780 'tte
231 3726 331 3778 hatum
348 3729 392 3788 (-
404 3725 483 3784 laete)
496 3741 602 3792 paeane
619 3724 705 3775 Heius.
761 3721 831 3771 facto
847 3734 951 3783 paeane
969 3715 1068 3768 Peerlk.

73 3795 126 3849 '142
144 3794 182 3846 od
197 3810 299 3860 precox
343 3798 441 3860 atquae
457 3792 499 3864 vy
533 3798 646 3859 utquoec
664 3789 698 3841 P¹
752 3793 852 3854 atque*
869 3785 909 3838 Ma
945 3790 1084 3851 atquemc
1118 3779 1155 3831 ad

72 3878 152 3927 quen
171 3860 210 3914 Rb
297 3865 344 3916 ‘fbf
384 3870 426 3914 ost
441 3863 522 3928 pedae
538 3860 598 3912 dist.
618 3860 691 3914 lad:
710 3865 773 3909 mut,
793 3854 892 3908 Peerllr.
911 3861 978 3906 auct.
998 3850 1072 3905 [libb.

74 3933 126 3984 754
143 3931 251 3982 inemo
269 3930 286 3984 l.
304 3946 342 3998 pr.
360 3877 460 3991 batn
480 3928 556 3981 Ribb.
642 3928 692 3980 toa
711 3941 833 3992 campum
851 3922 876 3974 M
