2474 4388
452 189 613 245 AENElDOS
631 190 691 247 LlB.
707 191 736 244 ll.

54 361 203 436 volvitur,
226 370 406 442 exsuperant
427 362 576 436 dammae,
599 363 671 424 furit
692 372 789 426 aestus
811 365 846 425 ad
868 383 962 426 auras.

56 447 193 527 procedo
216 456 247 507 et
268 447 377 508 Priami
398 447 482 508 sedes
503 466 661 527 arcemque
683 449 788 511 reviso.

59 542 92 594 et
114 533 172 593 iarn
195 531 359 611 porticibus
379 533 478 593 vacuis
500 532 623 595 lunonis
645 533 725 613 asylo

61 618 202 680 custodes
223 617 290 678 lecti
312 617 446 679 Phoenix
468 626 498 678 et
519 617 601 680 dirus
625 618 722 680 Ulixes

60 703 201 783 praedam
224 700 424 764 adservabant
467 704 526 765 huc
546 703 679 783 undique
700 704 789 765 Trota
810 723 880 783 gaza

63 787 197 849 incensis
218 795 318 867 erepta
340 787 433 868 adytis
454 806 634 868 mensaeque
656 789 780 851 deorum

64 881 254 952 crateresque
275 891 347 934 auro
369 873 454 934 solidi
476 874 648 952 captivaque
669 874 757 936 vestis

63 957 248 1037 congeritur.
292 958 377 1038 pueri
399 968 429 1020 et
450 958 569 1038 pavidae
591 959 681 1038 longo
705 958 810 1020 ordine
832 969 941 1023 matres

62 1052 145 1104 stam
165 1043 288 1104 circum.

63 1145 155 1190 ausus
177 1126 249 1207 quin
271 1127 359 1189 etiam
381 1146 467 1189 voces
490 1128 597 1189 iactare
619 1147 674 1208 per
696 1127 830 1190 umbram

62 1212 184 1292 impleri
206 1213 334 1274 clamore
355 1211 415 1274 rias
436 1221 623 1291 maestusque
647 1213 785 1275 Creusam

63 1297 246 1377 nequiquam
268 1297 456 1378 ingeminans
477 1298 644 1377 iterumque
666 1298 833 1378 iterumque
855 1302 964 1362 rocavi.

63 1383 222 1462 quaerenti
245 1391 273 1444 et
295 1383 379 1444 tectis
401 1381 484 1445 urbis
506 1383 571 1445 sine
592 1384 652 1444 fine
674 1384 787 1444 furenti

62 1468 168 1529 infelix
190 1468 380 1531 simulacrum
401 1478 490 1548 atque
512 1468 604 1548 ipsius
625 1467 730 1529 umbra
754 1468 880 1531 Creusae

63 1553 127 1615 visa
149 1553 221 1614 mihi
243 1562 312 1615 ante
335 1553 438 1615 oculos
460 1562 490 1615 et
511 1562 580 1614 nota
602 1552 696 1614 maior
717 1553 812 1633 imago

63 1637 209 1718 (obstipui
230 1646 435 1718 steteruntque
457 1656 558 1700 comae
581 1647 611 1699 ct
630 1657 687 1700 vox
708 1638 843 1701 saucibus
863 1640 983 1718 haesit),

63 1731 132 1785 tum
154 1723 197 1785 sic
219 1722 310 1786 adfari
333 1734 363 1786 et
384 1742 470 1785 curas
491 1723 537 1786 his
559 1723 677 1784 demere
699 1724 798 1786 dictis:

59 1800 148 1887 ‘quid
170 1816 286 1870 tantum
307 1809 412 1872 insano
434 1809 513 1870 iuvat
534 1808 687 1887 indulgere
710 1808 821 1884 dolori,

64 1911 85 1954 o
106 1893 202 1956 dulcis
223 1891 377 1956 coniunx?
400 1913 460 1955 non
483 1895 557 1955 haec
578 1894 643 1955 sine
665 1895 788 1957 numine
810 1895 908 1956 divom

64 1978 221 2051 eveniunt,
245 1998 302 2041 nec
322 1989 352 2041 te
374 1979 511 2041 comitem
533 1980 605 2040 hinc
626 1987 746 2059 portare
769 1979 907 2042 Creusam

66 2063 111 2124 sas
133 2073 184 2125 aut
204 2063 253 2125 ille
275 2064 346 2126 sinit
369 2064 467 2144 superi
490 2073 631 2144 regnator
654 2063 780 2145 Olympi.

64 2148 155 2226 longa
177 2147 231 2210 tibi
252 2150 351 2212 exsilia
373 2157 402 2210 et
422 2158 537 2210 vastum
560 2149 650 2211 maris
672 2167 784 2229 aequor
805 2148 958 2210 arandum.

64 2241 97 2294 et
117 2242 228 2296 terram
249 2234 422 2315 Hesperiam
444 2234 560 2310 venies,
582 2235 634 2296 ubi
656 2233 766 2314 Lydius
788 2252 854 2295 arva

64 2318 146 2380 inter
168 2319 265 2399 opima
286 2319 381 2381 virum
403 2319 464 2381 leni
486 2320 551 2382 duit
572 2318 689 2399 agmine
711 2319 851 2401 Thybris:

64 2402 127 2465 illic
149 2422 197 2465 res
217 2404 314 2466 laetae
331 2423 516 2485 regnumque
539 2414 568 2466 et
590 2405 669 2484 regia
693 2405 824 2468 coniunx

66 2497 152 2568 parta
173 2487 243 2564 tibi;
266 2489 400 2552 lacrimas
422 2490 544 2551 dilectae
565 2489 643 2571 pelle
665 2489 800 2552 Creusae.

67 2592 131 2634 non
153 2592 208 2653 ego
230 2574 447 2656 Myrmidonum
470 2576 554 2637 sedes
576 2575 758 2654 liolopumve
781 2574 924 2655 superbas

66 2657 208 2739 aspiciam
229 2669 280 2721 aut
301 2660 385 2723 Grais
406 2661 546 2722 servitum
568 2659 711 2722 matribus
732 2660 798 2736 ibo,

67 2743 211 2808 Dardanis
233 2753 262 2806 et
283 2744 365 2808 divae
386 2745 509 2806 Veneris
531 2764 641 2821 nurus;

66 2829 120 2890 sed
142 2848 190 2891 me
210 2848 316 2911 magna
338 2831 426 2893 deum
447 2831 581 2910 genetrix
603 2831 648 2892 his
671 2830 783 2901 detinet
804 2829 873 2889 oris.

69 2915 187 2994 iamque
208 2915 270 2977 vale
291 2924 321 2977 et
343 2916 403 2977 nati
426 2933 509 2977 serva
531 2916 698 2978 communis
720 2907 876 2975 amorem’

67 2999 141 3060 haec
162 2999 213 3061 ubi
235 2999 312 3062 dicta
333 3000 426 3073 dedit,
448 3000 651 3063 lacrimantem
673 3009 703 3060 et
723 2998 814 3060 multa
837 2998 982 3059 volentem

69 3083 169 3146 dicere
191 3085 321 3148 deseruit
341 3086 498 3166 tenuisque
521 3087 644 3147 recessit
665 3085 696 3147 in
719 3102 814 3146 auras.

67 3171 126 3247 [ter
146 3179 270 3233 conatus
292 3171 332 3232 ibi
354 3171 430 3233 collo
453 3171 522 3233 dare
545 3170 680 3232 bracchia
702 3170 828 3243 circum,

66 3263 116 3315 ter
137 3255 246 3316 trustra
269 3274 443 3337 comprensa
466 3274 571 3318 manus
593 3255 696 3335 ellugit
716 3254 813 3333 imago

68 3357 124 3419 par
144 3339 257 3403 levibus
278 3341 373 3404 ventis
395 3341 566 3421 volucrique
588 3340 734 3403 simillima
755 3340 882 3415 somno]
991 3358 998 3369 ·

67 3425 112 3487 sic
134 3426 252 3488 demum
274 3426 371 3490 socios
392 3436 567 3507 consumpta
589 3433 677 3487 nocte
699 3424 803 3487 reviso.
1098 3429 1141 3480 tet

155 3665 204 3743 ill
221 3665 312 3715 ruenti
328 3661 482 3733 Py¹01tito
578 3663 626 3712 tto
639 3658 720 3725 (2111
741 3661 797 3712 153.
817 3657 870 3710 v111
889 3659 935 3717 35;
954 3655 987 3738 ci.
1006 3653 1140 3736 Servqpl.)

67 3728 154 3782 ‘⁸³¹⁰‘
170 3727 258 3831 naq
274 3797 300 3851 u
315 3733 370 3852 'li
388 3731 750 3850 ttmt'i‘tlltttl‘l‘
764 3726 1141 3860 itiltitvltttttltit'f

65 3801 210 3920 miii
223 3797 273 3921 iao
291 3813 406 3921 eilaf.
417 3835 484 3932 'aad
502 3835 580 3935 reaja'
599 3834 699 3916 werla.
