2286 4394
468 109 629 164 AENElDOS
645 110 704 163 ΗΒ.
722 111 753 163 t'.

83 279 180 342 obnixi
201 299 343 362 crepuere
366 281 511 360 inlisaque
534 300 622 362 prora
644 283 795 362 pependit.

88 376 262 444 consurgunt
284 374 390 427 nautae
413 376 442 426 31
463 384 571 446 magno
593 367 721 428 clamore
743 379 900 430 morantur

91 448 256 531 ferratasque
279 452 381 513 trudes
403 461 433 512 et
453 460 538 513 acuta
560 451 681 532 cuspide
704 460 809 515 contus

93 537 236 616 expediunt
256 539 425 615 fractosque
448 537 552 616 legunt
574 536 605 597 in
628 538 744 616 gurgite
766 556 872 601 remos.

95 621 219 684 athetus
241 620 413 683 Mnestheus
435 640 634 700 successuque
656 623 753 683 acrior
775 623 840 702 ipso

95 707 194 783 agmine
214 724 365 769 remorum
387 707 475 768 celeri
498 706 652 785 ventisque
674 709 784 769 vocatis

94 803 173 864 prona
192 793 265 872 petit
286 791 378 852 maria
400 799 430 852 et
451 792 556 872 pelago
578 792 710 853 decurrit
732 801 843 871 aperto.

95 877 170 950 qualis
189 877 331 958 spelunca
353 874 452 937 suhito
475 886 622 937 commota
644 876 794 950 columba,

94 961 135 1021 cui
152 962 250 1024 domus
273 970 304 1022 et
324 961 424 1023 dulces
445 961 593 1022 latebroso
614 963 644 1022 in
667 963 785 1041 pumice
809 964 885 1037 nidi,

92 1039 171 1108 fertur
190 1047 219 1108 in
242 1065 309 1107 arva
330 1046 432 1108 volans
453 1046 649 1126 plausumque
671 1047 809 1108 exterrita
832 1050 932 1128 pinnis

90 1125 132 1192 dat
149 1140 222 1194 tecto
245 1133 412 1210 ingentem,
435 1150 504 1192 mox
526 1141 594 1191 acre
616 1131 697 1211 lapsa
720 1133 819 1210 quieto

88 1217 152 1277 radit
170 1218 227 1278 iter
248 1216 393 1296 liquidnm
415 1217 519 1277 celeris
544 1234 640 1295 noque
662 1228 828 1278 commoret
850 1219 923 1292 alas,

86 1297 124 1361 sic
142 1301 323 1376 Mnestheus,
346 1301 389 1362 sio
411 1301 474 1381 ipsa
496 1304 564 1381 fuga
587 1311 667 1362 secat
689 1302 790 1362 ultima
812 1303 915 1365 Pristis

85 1397 211 1465 aequora,
234 1387 277 1448 sic
299 1386 378 1447 illam
400 1387 459 1448 fert
479 1387 607 1466 impetus
629 1387 692 1467 ipse
715 1387 872 1448 volantem.

85 1478 112 1530 et
130 1472 252 1551 primum
275 1471 305 1532 in
328 1472 451 1551 scopulo
473 1472 635 1533 luctantem
658 1471 768 1532 deserit
789 1473 847 1533 3113

84 1550 241 1637 Sergestum
265 1554 465 1636 brevibusque
485 1557 565 1617 vadis
586 1557 755 1635 frustraque
777 1567 931 1619 vocantem

83 1642 176 1702 nunna
199 1652 228 1703 et
251 1642 351 1704 fractis
373 1642 538 1704 discentem
560 1659 681 1702 currere
703 1641 802 1703 remis.

81 1718 143 1788 inde
164 1726 244 1807 Gyan
268 1728 422 1807 ipsamque
444 1727 559 1806 ingenti
580 1727 659 1787 molo
682 1726 862 1787 Chimaeram

80 1811 279 1890 consequitur:
303 1812 388 1886 cedit,
412 1813 551 1892 quoniam
574 1810 697 1892 spoliata
719 1812 860 1892 magistro
882 1824 935 1874 est.

156 1896 243 1959 Solus
265 1897 382 1977 iamque
405 1897 470 1976 ipso
492 1904 629 1976 superest
651 1896 682 1958 in
705 1897 765 1957 fme
789 1896 964 1970 Cloanthus,

10 1976 12 1993 '
75 1993 159 2056 quem
181 1983 256 2062 petit
278 1990 308 2042 et
328 1983 451 2044 summis
473 1982 596 2043 adnixus
617 1981 729 2042 viribus
750 1991 846 2061 urget.

74 2068 135 2127 lum
156 2085 226 2128 3333
248 2067 412 2146 ingeminat
434 2067 543 2128 clamor
565 2067 725 2145 cunctique
748 2079 921 2145 sequentem

72 2143 215 2232 instigant
236 2152 340 2214 studiis
362 2160 541 2230 resonatque
563 2150 731 2232 fragoribus
754 2153 863 2212 aether.

69 2227 101 2296 hi
123 2237 278 2317 proprium
302 2237 392 2299 decus
413 2246 443 2298 et
464 2247 581 2317 partum
604 2236 798 2316 indignantur
820 2238 964 2298 honorem

69 2322 102 2381 ui
124 2330 259 2396 teneant,
281 2323 427 2401 vitamque
449 2322 552 2383 volunt
573 2340 629 2401 pro
653 2323 737 2382 laudo
760 2322 883 2400 pacisci3

68 2399 125 2468 hos
147 2426 303 2469 successus
325 2406 390 2468 alit:
413 2416 558 2484 possunt,
580 2407 650 2485 quia
672 2425 760 2486 posse
782 2407 928 2469 videntur.

67 2501 100 2553 31
120 2495 182 2554 fors
204 2493 336 2571 aequatis
357 2493 508 2572 cepissent
528 2493 659 2571 praemia
682 2491 804 2563 rostris,

66 2578 99 2638 ui
122 2577 234 2658 palmas
256 2586 350 2658 ponto
372 2576 499 2638 tendens
520 2585 663 2655 utrasque
686 2575 845 2638 Cloanthus

64 2661 249 2742 fudissetque
270 2680 376 2742 preces
398 2662 539 2740 divosque
562 2661 592 2723 in
614 2669 681 2722 vota
702 2669 849 2722 vocasset:

61 2737 123 2822 ‘di,
147 2747 256 2827 quihus
277 2747 433 2828 imperium
456 2755 501 2808 est
521 2746 634 2826 pelagi,
657 2764 786 2824 quorum
809 2764 936 2825 aequora
959 2766 1062 2824 curro,
1119 2766 1137 2803 ¹,

63 2832 149 2894 vohis
171 2832 266 2893 laetus
289 2851 345 2911 ego
367 2831 424 2892 hoo
446 2832 623 2892 candentem
645 2831 675 2891 in
699 2831 784 2891 litore
807 2839 925 2892 taurum

65 2917 248 2979 constituam
270 2925 339 2977 ante
361 2935 427 2978 3333
449 2918 507 2977 3311
529 2935 599 2978 reus
622 2925 746 2994 extaque
768 2915 861 2977 salsos

64 3002 226 3080 porriciam
249 3001 280 3063 in
303 3002 411 3064 fluctus
434 3009 464 3063 et
486 3001 552 3062 vina
566 3000 708 3080 liquentia
731 2991 871 3061 fundam'

66 3087 139 3148 dixit
161 3105 289 3165 eumque
311 3086 378 3148 imis
400 3086 455 3148 suh
477 3085 616 3148 fluctibus
638 3085 728 3146 audiit
751 3086 848 3146 omnis

66 3168 226 3233 Nereidum
248 3171 415 3250 Phorcique
437 3172 547 3233 chorus
569 3171 767 3250 Panopeaque
788 3171 887 3250 virgo,

69 3263 97 3316 31
118 3267 202 3337 pater
222 3257 285 3336 ipse
308 3275 398 3318 manu
421 3275 527 3336 magna
549 3256 700 3317 Portunus
722 3263 843 3316 euntem

69 3339 196 3421 impulit:
220 3340 268 3402 illa
290 3349 362 3402 noto
385 3341 472 3403 citius
492 3341 665 3420 volucrique
687 3340 788 3418 sagitta

71 3425 102 3486 ad
124 3435 232 3488 terram
253 3426 330 3504 fugit
350 3435 381 3487 et
401 3435 491 3506 portu
513 3445 544 3488 se
567 3425 700 3488 condidit
720 3425 788 3485 3113.

151 3511 227 3572 'lum
249 3510 330 3573 satus
351 3511 480 3572 Anchisa
501 3511 617 3573 cunctis
639 3528 675 3570 ex
696 3528 780 3570 more
803 3508 911 3569 vocatis

10 3630 12 3717 l
77 3668 81 3675 ’
152 3663 202 3715 nis
217 3662 343 3728 ponem
361 3676 429 3727 quae
446 3659 486 3715 nr.
507 3662 580 3724 reon,
593 3662 634 3713 21.
709 3661 758 3711 nnc
778 3658 956 3722 retenimento
974 3653 1141 3724 nenrynoc.

10 3734 12 3739 '
73 3729 143 3794 1881,
160 3732 219 3783 411.
283 3731 333 3782 285
347 3729 443 3794 pelage
460 3726 624 3788 callidiora
643 3725 719 3781 cf.Vl
737 3727 795 3779 264.
868 3726 917 3777 238
933 3726 1066 3790 proiciam
1083 3724 1142 3778 libri

72 3795 374 3862 ederelnothum.
392 3795 446 3848 Sat.
464 3795 494 3848 111
512 3797 564 3861 2,2
581 3797 625 3859 s.);
645 3794 715 3846 Serr.
735 3793 810 3847 Rihh.
