2286 4394
538 874 626 978 VI.

32 1063 164 1132 Appnlsa
184 1063 267 1116 classe
284 1064 385 1115 Aeneas
403 1062 461 1115 luco
480 1062 628 1130 temploque
645 1061 773 1130 Apollinis
790 1062 987 1131 appropinquat,
1011 1048 1122 1127 -413

38 1131 91 1185 ubi
110 1131 216 1201 Sibylla
234 1134 307 1184 vates
326 1131 443 1198 precibus
461 1130 555 1182 auditis
573 1137 600 1182 et
618 1144 683 1199 quae
701 1130 727 1181 in
745 1129 818 1182 Latio
836 1130 937 1183 visurus
956 1131 998 1198 sit,
1052 1130 1121 1191 aa}

203 1204 230 1252 et
247 1199 341 1267 quibus
353 1199 431 1251 rebus
449 1198 558 1265 peractis
577 1197 609 1250 ad
626 1199 723 1250 interos
740 1199 777 1251 ire
789 1198 874 1264 liceat,
893 1199 917 1250 ei
929 1200 1019 1266 aperit.
1038 1203 1086 1254 155
1100 1193 1116 1246 ὅ

41 1267 137 1335 itaque
155 1267 256 1321 Aeneas
273 1265 365 1320 Miseni
384 1281 476 1332 corpur
493 1267 520 1319 in
537 1267 613 1319 litore
630 1267 762 1319 inventum
780 1267 828 1319 rite
846 1266 973 1320 comburit
1035 1270 1121 1336 2352

99 1341 127 1389 et
145 1333 215 1389 raino
234 1350 312 1389 aureo
329 1336 356 1387 in
375 1335 440 1388 silva
459 1334 556 1401 potitus
575 1349 645 1387 sacra
664 1334 726 1387 lacit
743 1335 782 1387 dis
800 1334 888 1388 inieris
907 1335 1001 1390 debita.
1036 1337 1118 1415 263}

51 1468 125 1524 Mane
144 1472 176 1524 ab
189 1472 292 1524 Anemo
308 1469 439 1524 descendit
456 1471 585 1538 intratque
602 1470 757 1523 vestibulum
770 1471 891 1523 monstris
903 1469 1016 1536 plenum.
1037 1465 1121 1526 2943

54 1539 203 1592 Acherontis
221 1541 295 1607 aquis
312 1539 441 1607 prohiberi
460 1538 532 1590 videt
550 1553 604 1602 eos,
622 1539 666 1606 qui
683 1540 750 1591 insta
770 1538 900 1604 sepultura
913 1544 1007 1604 carent,
1037 1531 1117 1612 3³6}

137 1624 168 1661 ex
186 1608 280 1674 quibus
298 1607 433 1660 Pelinums
451 1607 526 1659 amici
545 1606 667 1658 auxilinm
685 1607 776 1659 trustra
795 1607 928 1673 implorat;
1038 1610 1122 1669 3832

136 1692 165 1729 se
184 1684 211 1728 ut
229 1674 378 1728 transvehat
396 1675 502 1740 Charon,
521 1678 663 1728 monstrato
680 1690 751 1727 ramo
769 1690 846 1727 aureo
865 1673 953 1727 elficit.
1037 1675 1119 1733 4163

58 1745 137 1812 sopito
150 1744 261 1797 Cerbero
274 1759 320 1810 per
331 1742 488 1812 provinciam
501 1741 594 1796 Minois
606 1757 756 1809 progressus
768 1742 892 1794 bidonem
905 1743 1026 1795 convenit
1038 1746 1088 1797 476
1102 1736 1123 1797 Ξ

136 1818 163 1865 et
174 1813 242 1865 inter
254 1813 349 1866 milites
360 1812 505 1879 praeclaros
514 1810 681 1879 Deiphobum,
695 1812 767 1863 cuius
776 1811 870 1878 accipit
881 1810 1020 1865 interitum.
1038 1815 1087 1863 547
1102 1800 1123 1874 {a

58 1877 187 1946 inpiorum
201 1879 287 1932 eedem
306 1880 432 1948 conspicit
450 1879 559 1932 flammis
575 1879 738 1931 interclusam
751 1878 929 1946 suppliciaque
941 1877 1020 1932 audit.
1038 1878 1118 1951 627}

55 2009 166 2069 landem
186 2016 252 2069 dono
271 2031 348 2071 aureo
367 2016 392 2067 ln
410 2015 498 2067 limine
515 2015 601 2082 regiae
618 2015 703 2083 posito
723 2018 794 2082 patet
811 2013 936 2083 Elysium,
1039 2017 1089 2069 678
1102 1996 1124 2089 3

135 2085 181 2136 nbi
195 2084 293 2136 deneas
305 2083 411 2138 Musaeo
423 2083 488 2136 duce
500 2088 597 2151 patrem
610 2083 663 2135 adit
675 2097 755 2150 prope
767 2082 862 2134 llumen
874 2080 1020 2134 Lethaeum.
1040 2085 1089 2137 702
1103 2093 1124 2149 g

50 2147 186 2218 Anchises,
197 2168 242 2205 cur
251 2153 351 2204 animae
361 2152 445 2218 plenae
466 2166 497 2204 ue
506 2155 630 2219 purgatae
640 2150 671 2204 ad
682 2165 787 2218 superos
796 2150 910 2214 redeant,
921 2151 1028 2218 exponit
1040 2155 1087 2204 'lbi
1098 2156 1125 2227 ζ

206 2226 302 2273 etcum
316 2219 411 2272 multoe
424 2219 456 2272 al
475 2233 581 2272 anorum
593 2234 668 2286 reges
684 2218 789 2271 honoris
802 2234 878 2271 cansa
897 2224 1023 2274 monstrat
1040 2222 1088 2273 787
1103 2229 1122 2298 ξ

206 2292 259 2340 tum
269 2304 310 2342 res
319 2289 429 2355 Augusti
438 2288 526 2341 laudat
535 2303 566 2340 ac
575 2288 695 2340 virtutem
704 2287 875 2340 Romanorum
885 2288 1026 2357 propriam
1040 2290 1090 2343 888
1103 2298 1126 2336 ὃ·

174 2355 339 2425 hiarcelliqne
364 2361 488 2408 maturam
512 2361 620 2409 mortem
646 2361 753 2424 questus
776 2371 832 2409 cum
853 2358 942 2410 multis
964 2356 1119 2416 mandatis‘a

813 2425 926 2478 Aeneam
945 2425 1058 2479 dimittit.
1103 2419 1125 2507 3

512 2529 666 2538 ——-

140 2647 189 2709 Sic
210 2649 288 2710 latur
309 2648 465 2711 lacrimans
488 2643 630 2728 classique
653 2649 782 2709 immittit
803 2649 933 2711 habenas

52 2741 85 2794 et
104 2732 225 2794 tandem
246 2733 386 2813 Euboicis
408 2733 565 2794 Cumarum
587 2732 732 2794 adlabitur
754 2734 823 2795 oris.

54 2816 216 2880 obvertunt
236 2819 346 2900 pelago'
362 2837 480 2899 proras,
502 2827 564 2879 tum
587 2818 675 2880 dente
697 2819 794 2879 tenaci

55 2921 165 2964 ancora
188 2903 329 2966 lundabat
352 2904 449 2977 nanis,
472 2913 502 2964 et
522 2905 605 2965 litora
629 2922 735 2964 curvae

56 2997 234 3067 praetexunt
253 3008 379 3070 puppes.
422 2988 561 3051 iuvenum
584 3007 690 3051 manus
712 2989 817 3050 emicat
838 2989 946 3050 ardens
1112 2997 1128 3046 a

57 3072 127 3134 litus
148 3072 179 3133 in
202 3072 394 3154 Hesperium:
427 3074 543 3152 quaerit
564 3093 632 3154 pars
654 3074 765 3136 semina
786 3075 919 3135 flammae

54 3156 190 3219 abstrusa
212 3158 242 3218 in
265 3159 349 3221 venis
368 3159 471 3234 silicis,
493 3178 562 3240 pars
584 3161 675 3222 densa
697 3161 825 3220 senarum

55 3251 133 3303 tecta
154 3243 231 3323 rapit
253 3244 337 3306 silvas
359 3244 537 3324 inventaque
559 3246 680 3308 llnmina
702 3253 856 3307 monstrat.

55 3336 86 3388 at
108 3327 176 3407 pius
198 3328 311 3391 deneas
333 3347 431 3405 arces,
455 3329 562 3409 quibus
584 3330 658 3392 altus
681 3330 785 3410 hpollo

57 3413 221 3491 praesidet,
242 3413 468 3494 horrendaeque
489 3416 595 3495 procul
616 3426 729 3477 secreta
752 3414 895 3495 Sibyllae,
1099 3420 1127 3470 10

53 3506 177 3558 antrum
198 3498 342 3574 immane,
364 3500 455 3580 petit,
477 3519 613 3581 magnam
637 3500 684 3562 cui
707 3509 837 3561 mentem
859 3499 1049 3575 animumque

57 3581 158 3644 Delius
180 3583 304 3664 inspirat
325 3594 405 3646 vates
427 3585 579 3664 aperitque
602 3587 709 3646 sutura.

59 3701 262 3711 ———

37 3754 40 3761 ¹
144 3766 187 3836 ¹l²
205 3767 279 3822 Ribb.
298 3783 355 3820 oum
373 3768 438 3820 alios
456 3771 509 3820 tom
521 3766 632 3819 Probum
651 3781 762 3834 sequens
779 3766 868 3834 quinto
886 3765 952 3818 libro
970 3764 1076 3826 adiecit3
1096 3766 1129 3821 cl.

56 3832 129 3888 Serv.
149 3839 176 3888 et
193 3835 265 3890 Hom.
283 3855 301 3888 ν
318 3840 342 3889 1.
428 3841 444 3891 4
461 3835 595 3897 fundarat
610 3834 777 3902 llalbertsma,
795 3834 918 3888 binemus.
938 3836 1012 3900 1877,
1028 3837 1086 3890 835.
