2286 4394
72 189 136 257 266
448 187 476 250 Ρ.
490 186 617 240 vendut
634 185 783 240 untionis

74 363 214 425 confusae
236 379 328 422 sonus
349 360 432 421 urbis
456 369 484 421 ot
506 359 672 422 inlaetabile
695 378 842 421 murmur.

71 443 112 509 ‘ei
134 446 217 507 mihil
242 446 311 525 quid
335 454 416 507 tanto
440 445 600 507 turbantur
621 446 739 506 moenia
761 442 866 507 luotu‘l

75 533 174 611 quisve
198 531 256 592 ruit
278 540 379 593 tantus
401 532 513 593 diversa
536 531 647 591 elamor
668 530 704 591 ab
728 524 841 592 urbe‘f'

74 619 116 680 sio
139 617 179 678 ait
201 616 392 696 adductisque
414 635 516 678 amens
537 616 670 678 subsistit
690 615 825 678 habenis.

75 711 163 782 atque
186 703 268 775 huie,
292 703 321 763 in
346 702 449 763 faeiem
472 720 557 764 soror
579 710 611 762 ut
632 719 775 762 oonversa
799 701 913 763 Metisci

76 789 194 868 aurigae
217 805 397 866 currumque
420 796 450 847 et
471 805 564 866 equos
586 797 616 848 et
637 786 700 848 lora
721 785 858 866 regebat,

76 873 184 935 talibus
206 873 335 934 ooourrit
358 873 456 934 dietis:
477 866 559 946 ‘hao,
582 872 700 946 Turne,
722 890 883 950 sequamur
1080 878 1098 933 a

77 959 276 1039 Troiugenas,
300 976 356 1037 qua
378 959 472 1038 prima
495 958 568 1018 viam
589 958 709 1019 victoria
731 958 848 1037 pandit;

77 1053 148 1106 sunt
170 1044 230 1118 alii,
255 1044 305 1124 qui
327 1052 404 1105 teota
427 1061 517 1104 manu
539 1042 698 1105 defendere
720 1043 846 1122 possint.

78 1130 188 1210 ingruit
211 1131 325 1191 Aeneas
346 1129 426 1190 ltalis
448 1139 477 1189 et
499 1128 610 1208 proelia
632 1129 749 1198 miscet,

78 1225 107 1275 et
131 1235 185 1276 nos
207 1232 290 1275 saeva
313 1232 403 1275 manu
425 1215 575 1276 mittamus
595 1215 701 1276 funera
724 1212 857 1275 Teucris.

79 1318 135 1360 neo
157 1317 282 1359 numero
305 1299 443 1371 inferior,
467 1318 585 1379 pugnae
607 1318 663 1361 nee
685 1299 800 1359 honore
821 1291 964 1360 reoedes.'
1085 1304 1098 1355 t

163 1383 283 1444 Turnus
305 1385 339 1445 ad
362 1385 449 1445 haee:

74 1463 106 1528 ‘o
129 1486 229 1539 soror,
253 1478 282 1528 et
303 1468 413 1531 dudum
436 1469 576 1546 adgnovi,
599 1485 666 1529 oum
688 1467 783 1548 prima
805 1486 860 1548 per
882 1476 974 1530 artem

78 1553 194 1614 foedera
219 1554 342 1616 turbasti
363 1562 450 1633 teque
473 1554 545 1615 haec
567 1554 598 1614 in
622 1553 697 1615 bella
718 1552 839 1626 dedisti,

77 1648 109 1698 et
131 1658 213 1700 nuno
236 1641 415 1720 nequiquam
438 1639 513 1701 fallis
534 1639 596 1700 dea.
640 1638 691 1700 sed
715 1638 781 1718 quis
804 1637 930 1718 Olympo

79 1725 233 1786 demissam
256 1735 354 1788 tantos
375 1725 468 1786 voluit
489 1734 519 1786 te
540 1727 618 1786 ferre
641 1720 778 1786 labores?
1095 1734 1098 1775 t

80 1828 117 1871 an
140 1812 239 1873 fratris
261 1811 358 1873 miseri
380 1811 472 1872 letum
495 1819 528 1872 ut
549 1808 668 1871 crudele
689 1806 826 1870 videresl

80 1914 148 1957 nam
172 1897 242 1975 quid
264 1894 340 1975 agol
363 1905 413 1957 aut
435 1914 510 1975 quae
531 1895 589 1956 iam
611 1894 739 1974 spondet
760 1893 893 1955 Fortuna
916 1891 1059 1957 saluteml

77 1981 134 2042 vidi
157 1982 259 2045 ooulos
280 1991 348 2043 ante
370 1983 434 2061 ipse
456 2000 538 2043 meos
560 1998 607 2040 mo
628 1998 701 2041 vooe
722 1987 876 2040 vocantem

77 2066 267 2141 Murranum,
291 2086 349 2146 quo
373 2085 434 2128 non
457 2074 578 2146 superat
599 2065 670 2126 mihi
693 2064 790 2126 carior
810 2064 901 2137 alter,

79 2162 220 2233 oppetere
243 2154 393 2231 ingentem
417 2162 504 2231 atque
527 2151 640 2228 ingenti
662 2150 783 2212 volnere
804 2149 925 2212 victum.

79 2239 185 2299 occidit
207 2238 321 2309 infelix,
346 2257 383 2298 ne
406 2247 540 2299 nostrum
563 2236 690 2297 dedecus
712 2235 805 2296 Ufens

79 2323 239 2402 aspiceret3
262 2323 367 2383 Teucri
391 2324 548 2402 potiuntur
569 2340 696 2400 oorpore
718 2329 747 2382 et
769 2319 866 2381 armis.

80 2408 236 2468 excindine
260 2408 363 2468 domos
386 2409 426 2484 (id
450 2407 539 2468 rebus
561 2407 654 2468 defuit
676 2408 780 2481 unum)

78 2493 243 2571 perpetiar,
266 2493 366 2552 dextra
391 2511 446 2552 nec
468 2493 591 2554 Drancis
614 2492 689 2553 diota
713 2487 862 2551 refellam?

78 2587 159 2654 terga
182 2574 257 2636 dabo
281 2585 309 2636 et
331 2576 465 2636 Turnum
489 2578 650 2656 fugientem
673 2577 745 2637 haec
768 2586 845 2636 terra
867 2573 1001 2635 videbit?

79 2681 173 2741 usque
195 2662 308 2723 adeone
330 2662 403 2723 mori
427 2663 567 2723 miserum
591 2660 654 2724 est‘l
678 2681 728 2722 vos
751 2681 768 2721 o
792 2660 880 2733 mihi,
903 2660 1022 2727 lllanes,

79 2758 141 2809 este
163 2747 250 2823 boni,
274 2749 414 2828 quoniam
437 2749 553 2828 superis
575 2767 673 2809 aversa
696 2747 840 2807 voluntas.

79 2843 179 2895 sancta
202 2835 237 2895 ad
260 2854 311 2897 vos
333 2836 429 2896 anima
451 2845 539 2914 atque
561 2834 644 2895 istius
668 2832 763 2894 nesoia
788 2831 891 2909 eulpae

80 2921 270 2995 descendam,
295 2940 470 2999 magnorum
493 2920 569 2980 haud
592 2937 730 2996 umquam
754 2916 894 2995 indignus
915 2910 1061 2975 avorum'

165 3007 218 3067 Vix
241 3025 274 3066 ea
297 3008 373 3067 fatus
396 3014 473 3081 erat,
496 3006 607 3065 medios
629 3004 707 3064 volat
729 3021 797 3063 eone
820 3019 874 3081 per
897 3001 991 3061 hostis

81 3100 180 3151 vectus
203 3110 280 3168 equo
302 3099 459 3170 spumante
482 3089 570 3151 Saces
593 3091 710 3151 adversa
733 3087 835 3165 sagitta

80 3175 196 3235 saucius
218 3194 268 3234 ora
291 3176 409 3252 ruitque
432 3174 595 3252 implorans
619 3175 738 3236 nomino
761 3173 911 3232 Turnum:

77 3251 207 3329 ‘Turne,
231 3260 259 3318 in
284 3267 313 3318 te
335 3277 472 3338 suprema
495 3259 588 3332 salus3
610 3260 749 3322 miserere
771 3267 899 3319 tuorum.

80 3343 216 3403 fulminat
237 3344 351 3404 Aeneas
374 3344 461 3405 armis
483 3362 671 3424 summasque
692 3344 821 3405 minatur

81 3430 261 3489 deiecturum
284 3447 366 3492 arces
387 3430 491 3491 ltalum
516 3429 687 3509 excidioque
710 3431 861 3500 daturum,

80 3513 196 3592 iamque
219 3515 297 3575 faces
320 3517 354 3577 ad
379 3524 454 3576 teota
476 3516 584 3576 volant.
630 3516 659 3575 in
683 3524 711 3575 te
735 3532 786 3574 ora
809 3512 920 3583 Latini,

81 3598 110 3657 in
135 3607 163 3658 te
187 3599 289 3660 oculos
312 3602 462 3675 referunt3
485 3609 597 3662 mussat
618 3618 669 3660 rex
691 3601 754 3678 ipse
776 3598 913 3669 LatinuS,

167 3750 213 3801 631
235 3752 330 3801 domiti
347 3752 487 3817 respondet
504 3751 572 3802 tolia
589 3765 651 3800 oooe
669 3748 726 3801 add.
745 3747 814 3800 Leid.
901 3749 950 3799 639
967 3743 1098 3804 ficeretur

80 3814 127 3864 641
148 3822 271 3868 nostrum
282 3835 316 3868 ne
334 3818 354 3869 P
364 3819 437 3872 Ribb.
502 3822 549 3871 641
569 3818 680 3869 aduersu
693 3817 717 3868 Μ
737 3818 752 3868 b
839 3818 888 3868 648
907 3817 997 3865 nescia
1015 3811 1098 3878 Mennp

81 3879 155 3935 Goth.
167 3882 205 3935 lll.
240 3889 326 3936 inscia
344 3888 404 3938 boni
424 3888 495 3947 libri;
514 3887 563 3940 def.
583 3884 673 3950 Wagn.
693 3837 742 3937 11.
761 3888 801 3937 60.
