2474 4388
414 219 573 276 texamus
592 221 725 273 mss.v111.

37 395 149 455 dantur
170 394 238 473 equi
260 393 383 455 Teucris
404 393 557 474 Tyrrhena
578 393 749 473 petentibus
770 412 852 468 arva;

38 481 156 542 ducunt
177 488 323 541 exsortem
347 479 479 552 Aeneae,
502 497 589 557 quem
611 480 690 541 fulva
712 479 806 540 leonis

38 564 126 644 pellis
148 564 212 626 obit
232 572 326 625 totum
348 563 537 643 praefulgens
558 564 709 643 unguibus
731 564 837 625 aureis.

126 649 216 711 Fama
236 649 315 710 volat
335 666 455 728 parvam
476 648 573 711 subito
596 650 709 729 volgata
731 667 786 728 per
806 648 911 710 urbem

39 734 125 796 ocius
146 735 190 795 ire
212 733 326 814 equites
348 733 495 814 Tyrrheni
516 733 552 795 ad
573 734 660 795 litora
681 734 769 812 regis.

40 827 107 879 vota
129 827 209 881 metu
232 818 385 898 duplicant
405 828 528 894 matres,
551 819 733 900 propiusque
755 818 867 899 periclo

39 904 63 964 it
85 904 176 965 timor
198 914 227 965 et
248 904 341 965 maior
363 904 463 965 llartis
484 904 541 964 iam
564 912 687 984 apparet
707 904 814 982 imago.

39 999 104 1050 tum
127 998 211 1069 pater
232 988 390 1050 Euandrus
412 988 543 1049 dextram
566 988 738 1069 complexus
760 990 858 1051 euntis

40 1073 143 1135 haeret
164 1073 331 1154 inexpletus
351 1073 510 1136 lacrimans
530 1092 565 1135 ao
586 1074 654 1134 talia
675 1075 769 1134 fatur:

37 1151 69 1219 ‘o
92 1159 165 1219 mihi
186 1159 362 1239 praeteritos
384 1159 493 1219 relerat
515 1158 539 1221 si
561 1158 695 1238 luppiter
716 1177 827 1233 annos,

42 1244 137 1322 qualis
158 1261 257 1317 eram,
281 1262 348 1306 oum
370 1244 496 1324 primam
518 1243 612 1304 aciem
636 1244 794 1304 Praeneste
816 1243 871 1305 sub
894 1244 957 1323 ipsa

41 1329 130 1389 stravi
151 1337 364 1407 scutorumque
385 1328 506 1390 incendi
527 1327 622 1389 victor
643 1346 764 1389 acervos

41 1422 71 1474 et
91 1430 194 1491 regem
216 1414 271 1475 hae
293 1414 416 1475 Emlum
439 1413 542 1474 dextra
563 1412 620 1475 sub
642 1413 763 1474 Tartara
784 1413 865 1487 misi,

41 1498 176 1560 nascenti
198 1499 246 1559 cui
267 1499 322 1560 tris
342 1499 455 1561 animas
476 1497 604 1560 Feronia
625 1506 721 1559 mater

40 1583 236 1660 (horrendum
259 1583 351 1659 dictu)
373 1583 508 1658 dederat,
531 1591 616 1644 terna
639 1600 718 1643 arma
741 1582 900 1658 morenda3

40 1676 87 1728 ter
109 1667 183 1730 Leto
205 1668 384 1730 sternendus
405 1675 483 1743 erat;
512 1668 560 1730 cni
582 1676 645 1730 tum
666 1676 765 1729 tamen
789 1667 886 1727 omnis

41 1752 163 1814 abstulit
184 1754 256 1815 haec
278 1753 391 1815 animas
412 1752 514 1814 dextra
537 1761 566 1813 et
587 1753 709 1814 totidem
732 1752 813 1812 exuit
834 1751 923 1813 armis
946 1773 1001 1811 -:

41 1856 104 1898 non
129 1855 184 1918 ego
207 1856 288 1900 nunc
310 1837 389 1899 dulei
411 1838 547 1917 amplexu
569 1837 725 1899 divellerer
745 1854 908 1920 usquam„

42 1930 127 1996 nate,
150 1932 218 1997 too,
241 1940 339 2002 neque
360 1922 486 1984 finitimo
509 1922 673 1984 Mezentius
694 1938 834 2000 umquam

41 2007 113 2068 huic
135 2007 223 2088 capiti
245 2007 391 2069 insultans
412 2015 457 2068 tot
478 2008 557 2068 terro
579 2025 664 2069 saeva
686 2006 814 2068 dedisset

40 2092 163 2166 lunera,
185 2100 246 2153 tam
268 2092 368 2155 multis
388 2092 536 2154 viduasset
557 2091 669 2154 civibus
690 2091 805 2153 urbem.

42 2185 72 2237 at
93 2195 162 2250 ros,
185 2196 203 2238 o
224 2177 340 2257 superi,
363 2186 392 2239 et
413 2177 509 2239 divom
531 2177 711 2238 tumaxime
733 2184 834 2237 rector

41 2260 191 2341 luppiter,
214 2261 346 2336 Arcadii,
369 2280 495 2341 quaeso,
518 2261 699 2324 miserescite
721 2261 799 2339 regis

42 2353 72 2406 et
93 2346 205 2425 patrias
225 2347 323 2408 audite
345 2365 459 2426 preces.
502 2347 526 2408 si
548 2347 672 2408 numina
693 2354 789 2407 vestra

42 2430 222 2493 incolumem
243 2431 374 2493 Pallanta
396 2431 484 2506 mihi,
506 2431 531 2493 si
552 2432 611 2493 lata
632 2439 799 2505 reservant,

42 2516 66 2575 si
89 2514 210 2577 visurus
227 2534 295 2578 eum
317 2516 381 2578 viro
402 2527 433 2578 et
453 2524 596 2578 venturus
617 2516 647 2577 in
671 2533 779 2589 unum,

42 2599 130 2660 vitam
153 2617 223 2674 oro,
243 2601 342 2681 patior
362 2599 495 2680 quemvis
515 2601 623 2662 durare
644 2600 792 2673 laborem;

43 2684 88 2745 sin
112 2684 240 2764 aliquem
261 2685 417 2747 infandum
440 2704 557 2759 casum,
579 2685 727 2760 Fortuna,
750 2682 887 2756 minaris,

44 2787 142 2844 nunc,
166 2788 247 2833 nunc
270 2789 287 2832 o
310 2770 397 2832 liceat
417 2770 567 2832 crudelem
588 2770 765 2850 abmmpere
786 2769 890 2841 uum,
970 2783 972 2788 ’

44 2854 114 2915 dum
136 2872 225 2916 curae
246 2854 417 2935 ambiguae,
439 2855 508 2918 dum
530 2873 598 2935 spes
619 2855 733 2916 incerta
755 2853 862 2923 futuri,

10 2930 16 2967 ³
43 2939 114 3000 dnm
136 2948 183 3011 te,
205 2958 271 3002 care
293 2958 382 3020 puer,
406 2959 471 3002 mea
492 2940 553 3003 sola
576 2949 605 3001 et
626 2957 692 3000 sera
712 2938 863 3017 voluptas,

10 3046 12 3053 ·
43 3023 200 3104 complexu
222 3033 326 3101 teneo,
347 3025 465 3104 gravior
487 3044 545 3087 nen
568 3023 692 3086 nuntius
713 3023 792 3084 auris

9 3110 16 3189 l
43 3099 195 3170 solueret.³
241 3110 314 3171 haec
335 3110 454 3191 genitor
475 3109 609 3189 digressu
631 3108 708 3170 dicta
729 3125 871 3187 supremo

9 3200 20 3309 g
43 3192 200 3268 tundebat,
223 3194 324 3257 famuli
345 3195 518 3275 conlapsum
540 3195 571 3255 in
594 3202 671 3255 tecta
693 3193 837 3255 serebant

129 3277 251 3358 lamque
272 3279 346 3341 adeo
369 3279 480 3342 exierat
501 3279 595 3359 portis
615 3277 764 3357 equitatus
785 3277 913 3358 apertis,
1073 3281 1117 3333 585

12 3382 23 3469 p
43 3366 159 3425 Aeneas
179 3363 259 3427 inter
279 3365 391 3445 primos
412 3373 442 3426 et
463 3364 539 3426 lidus
561 3363 703 3436 Achates,

44 3447 114 3508 inde
135 3447 184 3509 alii
207 3448 312 3512 Troiae
333 3467 489 3530 proceres,
511 3449 575 3528 ipse
596 3447 715 3527 agmine
736 3446 832 3508 Pallas

9 3536 23 3647 d
130 3616 180 3668 555
198 3615 293 3668 limina
311 3614 393 3688 Py¹cx
449 3618 499 3670 559
515 3616 682 3682 inceperam
697 3611 809 3672 Paean
828 3611 860 3665 cl.
873 3609 945 3663 Serv.
998 3608 1117 3660 Memmia

44 3678 68 3732 Μ
87 3681 98 3713 ¹
115 3675 179 3734 ‘alil'
197 3696 238 3750 ap.
252 3683 323 3737 Serv.
402 3685 451 3737 565
469 3689 546 3735 terna
565 3720 591 3734 ..
609 3685 692 3734 armis
710 3681 758 3734 56²1
777 3678 852 3732 Ribb.
870 3679 896 3731 in
914 3674 1030 3744 parenti.
1067 3689 1116 3737 ou,

93 3747 194 3818 llKL3
212 3750 246 3805 ci.
263 3750 335 3806 Serv.
422 3753 472 3806 569
489 3750 618 3811 finitimos
635 3749 668 3802 Ρι
682 3747 758 3801 men.
800 3747 932 3811 nutemus
950 3690 1068 3796 Rotteod.
1086 3739 1117 3793 l’.

45 3820 94 3871 tta
111 3832 197 3884 nune,
221 3835 327 3872 cauno
343 3818 379 3869 R¹
395 3817 475 3872 Meet.
492 3818 515 3882 l,
534 3817 610 3870 Bibb.
715 3818 763 3871 581
782 3830 842 3866 aera
866 3818 893 3865 et
914 3813 971 3864 eolo
990 3810 1027 3863 Pb
1046 3808 1117 3862 Serv.

43 3883 75 3935 ll
93 3887 145 3941 480
163 3901 201 3954 pr.
220 3886 277 3942 eod.
294 3887 361 3941 Fler.
380 3890 407 3940 et
422 3885 525 3954 Regin.;
543 3885 618 3939 llibb.
705 3885 755 3938 582
773 3883 927 3949 complexus
943 3878 1034 3933 x²xe²

9 4000 29 4305 l
