2286 4394
76 189 136 251 188
450 191 480 247 P.
493 190 621 246 VERGlll
637 191 787 248 undonis

71 355 117 425 ‘tu
139 372 237 425 tamen
260 363 373 424 interea
395 364 488 426 calido
511 364 583 425 mihi
604 365 751 445 sanguine
773 385 892 448 poenas

75 447 225 528 persolves
247 443 416 510 amborum’
441 449 554 530 inquit;
577 449 664 511 simul
686 469 760 513 ense
782 453 903 517 recluso

75 533 136 594 ibat
156 533 186 594 in
209 532 379 614 Euryalum.
423 542 487 596 tum
508 552 578 595 vero
601 535 760 599 exterritus
782 556 889 601 amens

75 617 241 680 conclamat
262 619 363 693 Nisus,
387 638 444 682 nec
465 638 498 681 se
519 620 616 681 celare
637 619 772 683 tenebris

76 703 202 784 emplius
223 712 275 765 aut
296 712 412 765 tantum
434 705 530 784 potuit
551 706 685 784 perferre
707 705 860 769 dolorem:

73 781 149 863 ‘me‚
172 790 234 850 mel
258 789 376 864 adsum,
399 790 450 868 qui
473 789 546 864 leci;
569 789 599 850 in
624 808 670 852 me
693 793 858 855 convertite
880 795 1006 868 serrum,

78 894 95 937 o
118 874 234 936 Rutulil
256 892 322 935 mea
343 875 424 937 lraus
445 874 559 947 omnis,
582 875 656 936 nihil
677 876 734 939 iste
757 896 815 939 nec
837 896 928 942 ausus

79 979 135 1022 nec
157 959 268 1041 potuit;
291 959 405 1021 caelum
427 959 484 1021 boc
506 969 536 1020 et
557 960 676 1022 conscia
697 961 793 1023 sidera
816 972 928 1038 testor3

78 1056 192 1108 tantum
215 1045 364 1106 infelicem
387 1044 512 1107 nimium
533 1044 634 1106 dilexit
656 1042 801 1109 amicum.³

79 1131 146 1192 talin
168 1131 244 1191 dicta
266 1129 369 1204 dabat,
392 1129 443 1192 sed
465 1129 576 1192 viribus
597 1131 677 1194 ensis
699 1131 820 1194 adactus

79 1214 233 1276 transabiit
255 1224 352 1276 costas
374 1225 404 1276 et
425 1213 549 1276 candida
571 1224 691 1295 pectora
713 1217 836 1297 rumpit.

79 1300 204 1361 volvitur
226 1298 370 1379 Euryalus
392 1299 451 1361 leto
473 1300 674 1380 pulchrosque
695 1320 750 1382 per
772 1311 855 1365 artus

79 1386 102 1446 it
124 1402 214 1445 cruor
235 1384 326 1462 inque
349 1402 468 1447 umeros
490 1385 588 1446 cervix
610 1385 751 1466 conlapsa
772 1387 937 1461 recumbit,

79 1487 249 1551 purpureus
270 1469 359 1530 veluti
382 1488 449 1531 cum
470 1470 525 1533 llos
546 1470 680 1533 succisus
701 1480 798 1534 aratro

80 1553 244 1633 languescit
265 1554 396 1615 moriens
417 1554 530 1616 lassove
551 1573 697 1636 papavera
719 1556 795 1618 collo

81 1639 225 1701 demisere
247 1651 351 1720 caput,
373 1639 472 1719 pluvia
493 1658 562 1703 cum
583 1642 660 1702 sorte
682 1651 851 1720 gravantur.

80 1735 110 1787 at
130 1725 218 1787 Nisus
239 1725 300 1786 ruit
320 1725 350 1787 in
373 1724 486 1787 medios
508 1725 665 1804 solumque
686 1745 740 1806 per
762 1727 860 1789 omnis

82 1812 254 1874 Volcentem
277 1810 366 1891 petit,
389 1809 419 1872 in
442 1810 506 1872 solo
528 1811 670 1872 Volcente
692 1820 834 1873 moratur.

83 1917 171 1977 quem
195 1897 306 1958 circum
329 1895 483 1974 glomerati
504 1896 604 1958 hostes
624 1896 695 1957 hinc
717 1896 884 1959 comminus
906 1906 997 1978 atque
1018 1897 1062 1958 bin

83 1982 271 2063 proturbant.
315 1980 404 2042 instat
426 2000 488 2042 non
511 1981 602 2043 setius
623 1999 658 2042 ac
680 1990 757 2043 rotat
779 2001 881 2045 ensem

83 2069 273 2140 fulmineum,
296 2066 392 2128 donec
413 2065 514 2127 Rutuli
537 2066 691 2129 clamantis
711 2067 743 2128 in
767 2085 819 2128 ore

84 2153 216 2216 condidit
237 2152 359 2214 adverso
382 2161 412 2213 et
432 2151 563 2213 moriens
583 2151 710 2212 animam
733 2151 853 2214 abstulit
875 2153 963 2215 hosti.

84 2249 147 2300 tum
169 2257 259 2316 super
281 2237 449 2299 exanimum
471 2255 537 2298 sese
559 2236 684 2317 proiecit
705 2237 832 2298 amicum

85 2325 240 2385 confossus
262 2321 435 2401 placidaque
456 2321 498 2382 ibi
520 2323 639 2383 demum
662 2332 757 2383 morte
779 2322 899 2401 quievit.

170 2407 324 2467 Fortunati
346 2405 447 2467 ambol
471 2407 495 2467 si
517 2407 588 2486 quid
610 2425 675 2467 mea
697 2407 827 2468 carmina
849 2417 992 2486 possunt,

87 2492 167 2553 nulla
189 2493 251 2553 dies
275 2509 413 2570 umquam
437 2493 560 2553 memori
583 2512 634 2554 vos
656 2492 764 2554 eximet
785 2510 873 2565 aevo,

86 2578 157 2638 dum
179 2577 284 2637 domus
306 2578 421 2637 Aeneae
444 2575 567 2654 Capitoli
590 2577 739 2638 immobile
761 2596 863 2640 saxum

86 2663 199 2724 accolet
220 2661 436 2742 imperiumque
458 2671 542 2739 pater
563 2662 715 2723 Romanus
738 2662 865 2724 habebit.

173 2749 304 2810 Victores
326 2748 434 2827 praeda
456 2747 557 2808 Rutuli
579 2748 741 2826 spoliisque
763 2747 848 2827 potiti

87 2834 259 2896 Volcentem
282 2833 448 2895 exanimum
471 2833 576 2894 dentes
598 2833 628 2893 in
651 2842 747 2894 castra
769 2832 913 2894 ferebant.

89 2939 144 2981 nec
167 2921 265 2981 minor
287 2920 318 2980 in
341 2919 445 2982 castris
467 2919 563 2980 luctus
585 2918 749 2978 Rhamnete
771 2927 888 2997 reperto

88 3005 230 3085 exsangui
252 3013 282 3065 et
302 3004 406 3083 primis
428 3022 487 3065 tina
509 3012 554 3064 tot
575 3003 664 3064 caede
686 3003 847 3083 peremptis

89 3091 278 3168 Serranoque
299 3088 464 3167 Numaque.
508 3089 615 3166 ingens
637 3106 800 3150 concursus
822 3086 858 3147 ad
880 3086 943 3165 ipsa

89 3191 214 3253 corpora
237 3174 452 3252 seminecisque
475 3172 552 3234 viros
574 3173 731 3252 tepidaque
753 3181 903 3234 recentem

89 3257 177 3320 caede
200 3259 298 3319 locum
321 3265 350 3318 et
371 3257 477 3336 plenos
497 3258 645 3337 spumanti
668 3257 813 3336 sanguine
836 3257 924 3317 rivos.

89 3345 274 3422 adgnoscunt
295 3341 389 3423 spolia
411 3342 489 3403 inter
511 3360 542 3404 se
564 3343 738 3422 galeamque
760 3343 903 3403 nitentem

89 3429 214 3509 Messapi
237 3439 265 3489 et
288 3427 380 3490 multo
403 3428 537 3509 phaleras
559 3430 666 3490 sudore
689 3438 832 3507 receptas.

174 3515 212 3576 Et
234 3515 290 3575 iam
312 3513 408 3594 prima
429 3533 506 3575 novo
528 3513 684 3594 spargebat
705 3513 816 3574 lumine
840 3522 932 3573 terras

176 3685 226 3736 432
239 3681 451 3734 transadiditbl¹
479 3682 643 3746 transadigit
656 3677 732 3748 M²Py
763 3678 908 3729 transadir'l
927 3678 958 3728 bc
1013 3682 1062 3731 449

88 3751 308 3813 patenrdeutbl.
342 3754 452 3815 patrum
464 3749 510 3800 Kv.
523 3751 596 3812 1881,
609 3750 666 3801 448.
719 3749 769 3799 454
782 3747 917 3813 homoque
928 3744 1047 3804 Schrad.;

90 3818 140 3869 455
152 3819 268 3883 tepidam
279 3817 317 3868 Μ’
344 3818 462 3882 lepidum
471 3815 608 3886 M²PRy²a¹
653 3813 972 3885 recentiPRy¹;cl.SerV.
1027 3818 1060 3867 45

91 3879 180 3934 MP²b¹
231 3887 380 3949 spumantis
397 3882 577 3934 Meumsdv.
663 3881 757 3948 459260
775 3886 818 3946 (a
830 3882 862 3934 lV
875 3885 960 3948 celso)
979 3882 1040 3933 secl.
1061 3883 1062 3887 ’
