2286 4394
87 208 129 268 52
459 209 487 264 Ρ.
502 210 628 265 venunt
644 211 791 267 Mauortis

85 384 235 463 accipiunt
257 381 405 461 celerique
427 382 496 461 luga
518 382 574 444 sub
596 383 693 445 sidera
715 384 815 465 lapsae

85 486 229 530 semesam
251 466 389 548 praedam
413 476 442 527 et
463 468 583 546 vestigia
605 469 690 530 foeda
712 470 898 549 relinquunt

85 571 145 615 nna
167 554 198 614 in
222 552 370 634 praecelsa
393 553 528 614 consedit
549 571 624 633 rupe
647 553 790 629 Celaeno,
1101 562 1132 617 tt

87 638 188 699 infelix
209 646 304 712 vates,
326 638 497 717 rumpitque
519 639 596 699 banc
619 647 742 718 pectore
762 658 881 703 rocem:

83 716 206 785 ‘bellum
229 724 317 785 etiam
338 741 393 803 pro
416 722 505 784 caede
527 722 617 784 boum
641 724 799 805 stratisque
821 724 970 801 iuvencis,

86 806 367 881 Laomedontiadae,
391 806 540 869 bellumne
562 808 675 869 inferre
697 810 808 889 paratis

86 902 116 955 et
138 894 233 975 patrio
256 892 400 973 Harpyias
422 892 549 954 insontis
570 892 682 971 pellere
705 891 821 973 regnoi

85 979 209 1059 accipite
233 996 302 1057 ergo
325 977 431 1039 animis
453 987 542 1056 atque
563 977 636 1039 haec
658 996 722 1039 mea
744 980 824 1058 figite
846 978 941 1055 dicta,

88 1083 162 1143 quae
186 1064 305 1125 Phoebo
328 1071 411 1144 pater
434 1062 638 1141 omnipotens,
660 1062 732 1123 mihi
754 1064 896 1127 Phoebus
917 1064 1023 1146 Apollo

86 1150 247 1229 praedixit,
270 1148 351 1209 vobis
373 1147 529 1208 Furiarum
551 1165 607 1225 ego
629 1147 755 1210 maxima
776 1149 886 1229 pando.

88 1233 197 1293 ltaliam
221 1251 310 1295 cursu
332 1231 431 1312 petitis
453 1231 608 1310 ventisque
629 1234 740 1295 vocatis

87 1317 168 1378 ibitis
189 1317 299 1378 ltaliam
322 1325 486 1397 portusque
508 1316 620 1378 intrare
641 1316 754 1394 licebit;

87 1401 138 1462 sed
163 1420 223 1462 non
247 1408 315 1461 ante
337 1401 432 1461 datam
454 1400 580 1480 cingetis
602 1402 760 1465 moenibus
779 1403 902 1478 urbem,

88 1504 175 1564 quam
198 1504 250 1546 vos
272 1486 336 1546 dira
358 1485 449 1546 sames
472 1494 650 1564 nostraeque
672 1487 781 1549 iniuria
802 1486 902 1551 caedis

86 1569 220 1631 ambesas
242 1570 358 1650 subigat
379 1570 462 1632 malis
483 1570 639 1633 absumere
660 1562 802 1635 menceus.²

88 1655 159 1716 dixit
181 1664 210 1716 et
232 1655 263 1715 in
286 1654 386 1716 silvam
409 1655 510 1734 pinnis
532 1655 627 1717 ablata
649 1657 767 1736 refugit

87 1748 116 1800 at
138 1740 225 1801 sociis
247 1740 342 1801 subita
365 1740 480 1817 gelidus
502 1741 660 1802 formidine
682 1741 802 1820 sanguis

88 1824 232 1903 deriguit;
255 1825 389 1887 cecidere
412 1824 519 1897 animi,
543 1844 600 1887 nec
621 1825 678 1886 iam
701 1826 827 1907 amplius
850 1825 956 1901 armis,

88 1911 138 1971 sed
162 1910 237 1971 votis
258 1910 456 1990 precibusque
479 1908 584 1970 iubent
606 1928 768 1989 exposcere
790 1929 911 1991 pacem,

87 1995 147 2057 sive
170 1996 241 2057 deae
263 2014 315 2058 seu
338 1996 398 2058 sint
420 1994 501 2056 dirae
524 1994 730 2074 obscenaeque
751 1996 895 2059 volucres.

90 2090 120 2142 ot
141 2090 225 2162 pater
247 2082 389 2143 Anchises
411 2080 505 2160 passis
527 2080 563 2141 de
585 2079 672 2140 litore
694 2080 799 2160 palmis

87 2167 211 2228 numina
233 2184 339 2244 magna
361 2175 447 2227 vocat
468 2165 648 2244 meritosque
671 2165 775 2227 indicit
797 2166 943 2229 bonores:

84 2244 144 2326 ‘di,
166 2249 322 2331 prohibeto
344 2251 456 2326 minas;
479 2250 524 2322 di,
546 2249 634 2310 talem
657 2250 778 2311 avertite
799 2268 900 2312 casnm

87 2344 117 2396 et
138 2335 245 2414 placidi
267 2341 380 2395 servate
402 2329 499 2412 piosl'
525 2344 587 2395 tum
611 2333 698 2395 litore
719 2335 822 2396 sunem

87 2419 222 2498 deripere
245 2436 443 2495 excussosque
465 2417 547 2479 iubet
568 2419 665 2479 laxare
687 2419 830 2482 rudentis.

86 2503 213 2564 tendunt
234 2503 295 2563 vela
317 2502 401 2562 Noti:
424 2501 555 2581 fugimus
576 2504 781 2583 spumantibus
803 2503 907 2579 undis,

87 2606 146 2667 qua
167 2606 287 2649 cursum
310 2595 476 2666 ventusque
498 2587 741 2667 gubernatorque
762 2587 892 2651 vocabat.

87 2674 142 2733 iam
166 2672 263 2734 medio
286 2681 410 2753 apparet
431 2672 523 2735 linctu
546 2690 704 2735 nemorosa
726 2673 892 2754 Zacynthos

87 2757 315 2837 liulichiumque
339 2760 484 2837 Sameque
507 2769 537 2820 et
557 2758 675 2820 Neritos
697 2758 787 2821 ardua
808 2758 895 2822 saxis.

86 2842 245 2919 effugimus
267 2843 406 2923 scopulos
428 2844 562 2917 Ithacae,
585 2843 701 2904 Laertia
723 2861 830 2924 regna,

86 2935 116 2987 et
137 2935 246 2987 terram
269 2928 399 2991 altricem
422 2930 498 2991 saevi
521 2946 711 2990 exsecramur
733 2928 817 2991 Ulixi.

87 3030 154 3073 mox
179 3021 208 3073 ct
230 3012 373 3073 bericatae
397 3013 531 3076 nimbosa
553 3014 707 3075 cacumina
731 3013 841 3075 montis

86 3107 116 3157 ct
138 3096 314 3158 formidatus
338 3098 435 3159 nautis
457 3098 589 3177 aperitur
611 3097 725 3177 Apollo.

86 3182 167 3242 hunc
189 3182 318 3263 petimus
342 3182 411 3243 lessi
433 3191 463 3243 et
484 3200 590 3261 parvae
610 3182 796 3245 succedimus
818 3181 901 3257 urbi;

86 3284 196 3327 ancora
219 3267 255 3327 de
278 3284 367 3346 prora
390 3266 508 3340 iacitur,
532 3276 611 3329 stant
633 3266 719 3331 litore
741 3286 866 3348 puppes.

171 3351 251 3431 Ergo
274 3352 422 3432 insperata
444 3351 563 3414 tandem
585 3351 691 3415 tellure
715 3352 801 3432 potiti

87 3435 306 3515 lustramurque
329 3436 389 3497 lovi
412 3436 545 3516 votisque
569 3438 756 3499 incendimus
779 3455 844 3498 aras

87 3522 228 3601 Actiaque
251 3521 345 3582 lliacis
368 3520 551 3584 celebramus
573 3522 659 3584 litora
682 3523 767 3585 ludis.

175 3691 223 3743 253
242 3693 301 3757 post
313 3690 415 3740 voratis
427 3687 501 3739 colon
518 3689 578 3754 poni
592 3689 663 3740 iubet
678 3689 724 3742 liv.
739 3691 813 3751 1881,
827 3692 873 3750 50;
893 3686 938 3739 sed
951 3687 984 3742 cl.
998 3686 1038 3740 tu.
1053 3686 1123 3747 1882,
1138 3690 1142 3725 ²

89 3760 139 3809 262
158 3758 240 3811 damn.
259 3756 338 3817 Rbb.;
358 3755 468 3822 Georgii,
487 3754 614 3807 Festschr.
632 3756 656 3808 d.
669 3756 760 3823 Gymn.
774 3756 868 3809 worm
890 3758 964 3819 1877,
983 3755 1135 3820 recolloco

88 3824 144 3875 vult
162 3832 220 3892 post
239 3829 297 3879 235.
376 3826 424 3878 267
443 3824 524 3889 dirip.
542 3820 681 3875 blb¹cbud
761 3826 810 3879 268
828 3822 961 3889 sugimus]
979 3823 1097 3885 ferimur
1113 3816 1142 3873 Ρ·

87 3888 153 3943 llbb.
240 3896 289 3946 275
309 3890 344 3960 et]
363 3909 411 3944 noc
428 3891 503 3945 Biha.
522 3893 579 3943 264.
