2286 4394
448 111 609 166 AENElIlOS
626 113 685 165 LlB.
704 112 744 166 lll.
1070 115 1131 174 245

12 282 181 365 nsignis
202 284 292 364 longe
315 284 448 365 Phrygiis
469 284 600 365 fulgebat
621 285 651 345 in
674 286 762 348 armis

12 370 303 449 Dumantemque
325 368 453 450 agitabat
474 389 600 449 equum,
623 389 711 449 quern
734 370 819 450 pellis
842 374 924 434 aenis
1091 385 1134 435 tto

12 454 68 507 ΙΙ
108 454 243 534 plumam
265 455 395 535 squamis
416 472 489 515 auro
512 463 648 516 conserta
671 456 796 534 tegebat.

12 540 119 609 llbee
142 539 302 620 peregrina
324 540 475 620 ferrugine
497 539 595 601 clarus
616 548 647 600 et
668 549 749 602 ostro

11 620 170 697 ⁸lbicula
192 623 352 705 torquebat
373 623 463 706 Lycio
485 624 628 706 Gortynia
649 643 759 701 cornu3

11 708 166 772 &urens
189 727 224 771 ex
247 710 358 771 umeris
380 718 444 771 erat
463 728 550 771 arcus
572 718 603 771 et
623 727 712 771 aurea
733 711 791 771 vati

16 794 186 870 tassidm
209 802 272 857 tum
295 812 431 856 croceam
453 794 696 874 chlamydemque
718 796 861 874 sinusque
883 798 1032 876 crepantis
1094 809 1136 859 lto

28 880 216 942 carbaseos
236 880 315 941 fulvo
337 880 368 941 in
391 879 504 941 nodum
527 879 687 957 collegerat
707 899 780 941 auro

66 960 157 1027 ictus
179 982 236 1026 acu
257 965 372 1026 tunicas
395 973 425 1027 et
445 963 568 1025 barbara
592 965 722 1044 tegmina
744 983 874 1026 crurum.

70 1064 139 1112 nno
160 1049 262 1129 virgo,
283 1049 344 1111 sive
364 1057 398 1111 ut
419 1048 537 1130 templis
558 1051 734 1130 praefigeret
755 1068 834 1111 arma

49 1126 148 1196 'lhola
171 1135 287 1214 captivo
309 1135 369 1196 sive
392 1144 425 1196 ut
446 1153 479 1197 se
500 1135 593 1196 ferret
614 1135 644 1195 in
669 1130 760 1210 anro‚'

52 1218 193 1282 senatrix
215 1237 309 1282 unum
331 1239 367 1281 ex
389 1220 471 1280 omni
493 1219 655 1281 certamine
677 1238 796 1300 pugnae

60 1320 147 1368 coeca
168 1302 350 1383 sequebatur
371 1312 526 1384 totumque
547 1305 665 1365 incauta
687 1324 741 1385 per
761 1322 867 1384 agmen

60 1388 192 1453 lamineo
213 1390 338 1471 praedae
360 1399 391 1452 et
410 1389 574 1470 spoliorum
596 1389 718 1451 ardebat
738 1409 851 1462 amore,

60 1475 153 1537 telum
176 1493 213 1536 ex
235 1473 348 1536 insidiis
370 1493 438 1538 cum
461 1475 579 1536 tandem
601 1482 736 1555 tempore
758 1483 845 1554 capto

61 1560 193 1623 concitat
214 1567 244 1620 et
265 1577 390 1640 superos
412 1560 528 1621 hrruns
549 1559 592 1621 sic
612 1577 685 1620 voce
706 1568 860 1639 precatur:

57 1638 188 1708 ‘summe
209 1645 313 1720 deum,
335 1644 429 1706 sancti
453 1651 552 1706 custos
574 1644 704 1705 Soractis
726 1643 847 1724 Apollo,
1095 1655 1139 1706 '185

60 1748 151 1811 quem
174 1729 263 1809 primi
285 1729 425 1803 colimus,
448 1729 496 1790 cui
518 1729 625 1810 pineus
647 1728 735 1790 ardor
756 1747 860 1789 acervo

59 1815 196 1897 pascitur
218 1823 248 1876 et
268 1813 398 1877 medium
419 1813 488 1875 freti
510 1815 618 1895 pietate
640 1814 815 1893 perignem

60 1900 195 1963 cultores
216 1899 307 1962 multa
329 1898 492 1980 premimus
514 1899 632 1978 vestigia
654 1917 767 1978 pruna,

61 1985 114 2059 da,
139 1991 240 2064 pater,
261 1984 320 2046 hoc
342 1984 453 2047 nostris
475 1983 586 2045 aboleri
609 1983 738 2045 dedecus
759 1984 862 2055 armis,

61 2069 270 2148 omnipotensl
293 2088 355 2131 non
379 2068 496 2131 exuvias
518 2068 655 2148 pulsaeve
677 2077 831 2148 tropaeum

60 2154 187 2236 virginis
208 2162 260 2215 aut
280 2153 374 2234 spolia
395 2154 455 2215 ulla
477 2162 562 2234 peto,
584 2154 657 2215 mihi
679 2161 775 2214 cetera
797 2153 914 2213 laudem

62 2241 141 2303 iacta
163 2240 276 2313 lerent3
298 2239 372 2300 haec
394 2239 457 2301 dira
478 2256 546 2300 meo
568 2238 638 2299 dum
661 2238 782 2299 volnere
804 2237 894 2318 pestis

62 2324 151 2407 pulsa
173 2324 274 2399 cadat,
297 2323 406 2404 patrias
427 2322 565 2384 remeabo
587 2322 732 2402 inglorius
753 2313 866 2384 urbes'

151 2408 253 2471 Audiit
273 2418 304 2470 et
323 2408 384 2471 voti
405 2407 544 2470 Phoebus
565 2409 724 2470 succedere
746 2416 860 2488 partem

62 2503 167 2557 mente
189 2493 283 2569 dedit,
305 2501 420 2574 partem
441 2493 570 2555 volucris
590 2493 729 2574 dispersit
750 2495 780 2555 in
803 2512 905 2554 auras:

64 2587 216 2643 sterneret
235 2587 271 2639 ut
290 2578 388 2641 subita
408 2577 559 2640 turbatam
579 2586 675 2640 morte
698 2577 862 2651 Camillam,

65 2663 172 2727 adnuit
192 2663 304 2739 oranti;
327 2663 466 2726 reducem
489 2672 522 2723 ut
543 2663 637 2743 patria
658 2662 716 2723 alta
737 2664 864 2734 videret,

66 2768 131 2811 non
154 2747 254 2822 dedit,
275 2747 368 2828 inque
389 2747 482 2811 Notos
503 2765 606 2809 vocem
627 2754 742 2808 vertere
764 2744 921 2825 procellae,

65 2852 156 2914 ergo,
178 2833 231 2895 ubi
252 2832 339 2896 missa
361 2851 453 2895 manu
473 2833 604 2895 sonitum
626 2831 707 2892 dedit
727 2831 808 2892 hasta
831 2847 884 2910 per
906 2845 1007 2901 auras,

66 2925 241 2980 convertere
264 2917 379 2980 animos
399 2918 476 2981 acris
498 2917 659 2995 oculosque
681 2915 777 2977 tulere

67 3002 171 3066 cuncti
192 3002 229 3064 ad
251 3002 384 3081 reginam
406 3003 520 3077 Volsci;
544 3002 618 3063 nihil
639 3001 703 3081 ipsa
725 3019 781 3062 nec
802 3017 891 3061 aurae

67 3105 127 3150 nac
149 3087 264 3149 sonitus
285 3104 401 3149 memor
420 3096 473 3150 aut
493 3087 639 3149 venientis
661 3086 697 3147 ab
720 3086 839 3148 aethere
860 3085 927 3157 teli,

68 3174 153 3234 hasta
174 3171 230 3233 suh
252 3181 398 3235 exsertam
419 3174 516 3234 donec
537 3172 647 3252 perlata
669 3172 807 3252 papillam

66 3256 165 3319 haesit
185 3256 409 3337 virgineumque
432 3258 489 3319 alte
511 3256 586 3318 bibit
607 3265 671 3317 acta
693 3275 840 3318 cruorem.

68 3350 257 3404 concurrunt
277 3342 408 3422 trepidae
431 3341 553 3403 comites
574 3342 785 3419 dominamque
807 3348 944 3400 ruentem

68 3425 246 3508 suscipiunt.
291 3426 367 3507 fugit
387 3434 457 3488 ante
479 3426 577 3487 omnis
598 3426 757 3486 exterritus
778 3426 895 3484 Arruns

157 3580 209 3630 '1¹14
224 3591 369 3695 umeroppp
430 3579 500 3639 erat]
522 3579 601 3627 sonat
622 3573 706 3645 ya²car
723 3571 781 3625 Lsd.
804 3572 848 3637 (cl.
866 3573 933 3636 652).
1021 3569 1070 3620 780
1088 3565 1140 3618 dist

69 3644 100 3700 ll.
118 3644 266 3713 Stephanus
288 3647 314 3696 et
368 3644 409 3698 bb.
434 3649 494 3712 post
514 3646 657 3707 ornatrix,
681 3656 732 3692 non
757 3643 824 3691 onte.
929 3638 979 3690 Ι[86
1001 3637 1097 3702 primis
1117 3632 1136 3684 P

67 3718 222 3798 primprmg
251 3713 383 3794 ‘Hirpini
400 3711 501 3766 Peerllr.
588 3713 638 3763 799
656 3712 703 3760 ubi
720 3706 746 3758 Μ
780 3713 811 3758 ut
828 3712 877 3760 cet.
893 3706 919 3771 l.,
937 3703 1012 3756 Ribb.
1100 3705 1143 3755 80
