2286 4394
447 107 608 161 AENEIDOS
626 109 685 164 ΗΒ.
697 109 759 164 Vlll.
1072 113 1132 172 167

17 280 136 341 δίᾶτο
156 280 321 359 decemque
343 279 416 341 alios
437 278 586 340 Priamum
607 298 762 360 superesse
785 300 839 361 per
861 300 965 345 annos.

23 365 79 419 et
110 383 205 440 nune,
228 365 253 427 si
275 363 386 424 bellare
407 381 494 443 paras
516 372 605 442 atque
627 365 699 425 haec
721 364 774 425 tibi
796 383 881 428 mens
903 377 961 443 est,
1090 382 1134 432 400

31 449 200 529 quidquid
223 449 253 510 in
276 456 341 510 arte
362 467 428 510 mea
450 466 572 529 possum
594 449 768 528 promittere
790 468 892 525 curse,

36 534 139 604 quod
160 535 224 595 fieri
246 534 327 595 ferro
349 533 496 612 liquidove
518 541 616 613 potest
636 534 763 607 electro,

42 622 201 688 quantum
223 618 309 698 ignes
330 619 505 696 animaeque
526 617 625 678 valent
647 652 688 662 —
710 619 818 680 absiste
840 623 989 698 precando

47 695 169 764 Viribus
190 703 358 764 indubitare
379 693 454 764 tuis.³
502 720 536 763 ea
558 701 646 763 verba
668 703 785 765 locutus

52 794 176 863 optatos
197 787 276 850 dedit
299 787 451 868 amplexus
473 786 680 866 placidumque
702 788 803 867 petivit

60 871 196 950 coniugis
218 873 336 934 infusus
357 872 469 952 gremio
492 889 547 951 per
568 871 701 932 membra
723 891 871 953 soporem.

144 956 216 1018 lnde
238 956 290 1017 ubi
312 957 408 1037 prima
428 956 513 1035 quies
533 956 629 1018 medio
652 957 708 1017 iam
732 958 828 1019 noctis
850 958 970 1021 abactae

67 1041 208 1103 curriculo
232 1042 384 1122 expulerat
405 1059 561 1113 somnum,
584 1059 652 1102 cum
674 1041 785 1103 femina
806 1043 957 1122 primum,

68 1125 108 1186 cui
128 1125 255 1187 tolerare
278 1127 344 1187 colo
366 1127 453 1187 vitam
474 1126 617 1205 tenuique
640 1126 770 1187 Minerva

67 1205 246 1289 impositum,
270 1211 401 1272 cinerem
424 1218 455 1273 et
475 1211 588 1290 sopitos
611 1211 732 1272 suscitat
754 1211 831 1291 ignis

65 1303 179 1356 noctem
200 1295 311 1357 addens
334 1294 417 1375 operi
438 1295 620 1374 famulasque
642 1295 678 1356 ad
699 1295 811 1358 lumina
832 1297 921 1378 longo

65 1389 178 1440 exercet
198 1398 307 1460 penso,
331 1389 442 1442 castum
465 1387 499 1440 ut
520 1397 637 1441 servaro
660 1379 757 1441 cubile

62 1463 194 1542 coniugis
216 1472 245 1525 et
265 1465 359 1545 possit
379 1482 485 1545 parvos
507 1465 632 1525 educere
655 1473 741 1526 natos
763 1502 805 1512 -

61 1547 136 1608 baud
156 1566 243 1610 secus
264 1548 438 1629 Ignipotens
462 1567 517 1610 nec
538 1558 672 1628 tempore
695 1550 816 1629 segnior
837 1550 886 1612 illo

59 1632 198 1695 mollibus
219 1652 235 1694 e
258 1634 357 1695 stratis
379 1651 471 1712 opera
493 1633 529 1694 ad
550 1632 665 1694 fabrilia
686 1635 790 1714 surgit.

57 1718 155 1780 insula
178 1717 329 1780 Sicanium
350 1719 430 1780 iuxta
452 1718 529 1779 latus
551 1718 740 1797 Aeoliamque

57 1802 183 1881 erigitur
204 1802 332 1882 Liparen
356 1802 539 1865 fumantibus
561 1802 652 1864 ardua
674 1803 764 1877 saxis,

57 1904 147 1965 quam
169 1886 273 1949 subter
293 1905 400 1967 specus
421 1895 451 1949 et
474 1887 634 1968 Cyclopum
657 1905 742 1949 exesa
765 1887 888 1948 caminis

56 1985 142 2033 antra
164 1973 293 2033 Aetnaea
315 1980 420 2034 tonant
441 1971 584 2051 validique
607 1972 765 2033 incudibus
787 1972 862 2033 ictus

55 2057 148 2118 auditi
170 2058 306 2118 referunt
326 2057 453 2136 gemitus
473 2057 662 2136 striduntque
685 2057 817 2118 cavernis

55 2141 214 2203 stricturae
236 2141 397 2222 Chalybum
416 2150 451 2203 et
471 2140 641 2203 fornacibus
664 2141 741 2221 ignis
763 2140 895 2214 anhelat,

56 2226 180 2287 Volcani
202 2227 307 2288 domus
329 2235 359 2288 et
381 2226 518 2287 Volcania
542 2227 663 2288 nomine
685 2226 781 2288 tellus.

57 2312 117 2372 hoc
138 2318 212 2372 tune
234 2311 408 2392 Ignipotens
429 2311 511 2372 eaelo
534 2311 686 2373 descendit
708 2312 744 2372 ab
767 2310 835 2372 alto.

144 2395 269 2457 Ferrum
291 2395 470 2457 exercebant
491 2404 571 2458 vasto
593 2394 736 2476 Cyclopes
757 2397 788 2457 in
811 2405 912 2470 antro,

56 2480 245 2559 Brontesque
268 2480 469 2560 Steropesque
490 2489 520 2541 et
543 2480 640 2542 nudus
661 2480 794 2542 membra
816 2482 989 2561 Pyracmon.

55 2566 104 2627 his
126 2565 317 2627 informatum
339 2565 477 2627 manibus
498 2565 556 2626 iam
578 2573 661 2646 parte
683 2566 774 2644 polita

57 2650 172 2712 fulmen
195 2658 273 2725 erat,
295 2657 359 2712 toto
381 2651 500 2730 genitor
521 2668 597 2729 quae
619 2650 746 2730 plurima
769 2649 850 2710 caelo

57 2733 148 2796 deicit
169 2736 201 2796 in
222 2744 332 2809 terras,
354 2753 425 2815 pars
446 2735 620 2814 imperfecta
641 2733 794 2796 manebat:

56 2820 112 2881 tris
134 2819 237 2882 imbris
258 2820 328 2881 torti
350 2820 464 2895 radios,
486 2820 540 2881 tris
562 2818 650 2881 nubis
673 2835 800 2897 aquosae

56 2904 247 2979 addiderant,
269 2905 349 2966 rutili
372 2905 426 2966 tris
447 2905 525 2984 ignis
547 2912 576 2965 et
598 2903 674 2965 alitis
695 2902 804 2977 austri3

57 2989 190 3069 fulgores
213 3007 295 3051 nunc
316 2989 463 3051 terrificos
484 2989 674 3067 sonitumque
696 2995 867 3066 metumque

57 3074 225 3136 miscebant
246 3074 329 3154 operi
351 3074 534 3153 flammisque
556 3073 732 3152 sequacibus
754 3073 821 3134 iras.

57 3167 143 3239 parte
165 3159 220 3220 alia
242 3159 327 3224 blasti
349 3177 529 3239 currumque
550 3169 690 3239 rotasque
711 3158 840 3221 volucris

57 3243 222 3319 instabant,
246 3242 354 3323 quibus
375 3244 424 3305 ille
445 3244 537 3318 viros,
560 3243 669 3322 quibus
691 3244 797 3305 excitat
818 3242 924 3314 urbes;
966 3279 968 3286 ,

56 3329 221 3408 aegidaque
241 3327 435 3403 horriferum,
456 3328 591 3390 mrbatae
614 3329 737 3390 Palladis
759 3343 855 3399 arma,
1091 3333 1135 3384 tto

57 3415 192 3476 certatim
215 3413 345 3492 squamis
366 3421 540 3492 serpentum
563 3431 696 3493 auroque
718 3411 852 3493 polibant

56 3517 249 3580 conexosque
272 3498 377 3579 anguis
385 3499 554 3579 ”ipsumque
572 3499 603 3559 in
626 3506 747 3579 pectore
769 3496 850 3556 divae

145 3700 196 3752 406
208 3696 330 3760 infusum
342 3697 422 3759 P¹R²;
441 3698 474 3750 cf.
488 3697 559 3751 Serv.
628 3699 677 3750 407
691 3694 809 3760 abactae]
824 3708 924 3760 opacae
940 3707 969 3753 a;
986 3690 1054 3746 idem
1067 3693 1132 3748 coni.

60 3764 160 3820 Peerllx.
229 3768 280 3820 412
298 3782 423 3818 coercens
441 3765 467 3817 lli
535 3768 586 3819 420
601 3767 731 3830 gemitum
749 3761 838 3815 nicer
913 3763 962 3815 tat
981 3763 1032 3814 brec
1049 3759 1135 3832 Pp¹n²
