2474 4388
459 232 621 287 AllNlllllOS
638 233 696 286 LlB.
714 232 774 287 111.·
870 232 874 238 “

61 413 224 484 ›ostquam
249 404 322 466 altos
344 405 442 484 tetigit
462 404 569 466 ductus
592 405 678 466 etad
701 424 829 484 aequora
852 409 948 479 venit,

63 491 188 552 uminis
211 490 309 552 effossi
331 489 453 553 liuidum
476 490 545 552 lavit
566 491 634 552 inde
657 509 794 553 cruorem

61 576 207 637 lentibus
230 575 406 638 infrendens
426 575 537 655 gemitu
560 576 753 655 graditurque
775 595 828 656 per
850 594 963 657 aequor

61 663 120 721 iam
146 660 293 735 medium,
318 661 444 722 necdum
467 661 576 722 linctus
598 661 688 723 latera
711 661 800 723 ardua
823 663 919 724 tinxit.

61 765 120 807 nos
143 745 252 826 procul
274 745 343 807 inde
366 746 466 824 lugam
487 746 593 826 trepidi
616 747 746 808 celerare
769 756 890 827 recepto

61 831 203 911 supplice
226 831 269 892 sic
290 830 396 892 merito
419 831 558 910 tacitique
580 831 710 892 incidere
733 833 851 908 lunem3

61 917 213 978 verrimus
236 924 265 977 et
285 916 375 997 proni
398 916 580 978 certantibus
601 934 730 995 aequora
752 918 850 979 remis.

61 1001 160 1066 sensit
183 1009 213 1062 et
234 1001 270 1062 ad
291 1001 421 1063 sonitum
443 1001 523 1063 vocis
544 1001 663 1078 vestigia
685 1003 779 1064 torsit.

61 1104 168 1150 rerum
192 1084 244 1147 ubi
267 1085 348 1148 nulla
370 1087 457 1147 datur
477 1087 578 1148 dextra
600 1087 747 1148 adfectare
768 1096 915 1168 potestas,

61 1191 120 1235 nec
144 1172 225 1250 potis
246 1170 347 1233 lonios
367 1171 476 1233 fluctus
497 1189 624 1251 aequare
645 1173 812 1251 sequendo,

61 1259 226 1320 clamorem
249 1257 425 1318 immensum
448 1255 539 1329 tollit,
563 1275 623 1335 quo
645 1267 757 1337 pontus
779 1268 808 1319 et
830 1277 934 1322 omnes

61 1350 276 1405 contremuere
298 1341 395 1402 undae
417 1342 598 1420 penitusque
619 1343 757 1404 exterrita
779 1344 867 1406 tellus

61 1429 165 1490 ltaliae
189 1426 345 1505 curvisque
366 1426 513 1506 immugiit
533 1427 628 1488 Aetna
650 1429 793 1489 cavernis.

61 1523 90 1575 at
114 1530 213 1593 genus
235 1532 252 1572 e
273 1510 352 1579 silvis
373 1511 535 1592 Cyclopum
558 1521 588 1573 et
609 1512 760 1575 montibus
782 1513 847 1575 altis

61 1599 194 1659 excitum
218 1595 279 1657 ruit
299 1596 334 1657 ad
356 1607 462 1676 portus
484 1605 514 1658 et
535 1597 619 1658 litora
643 1597 803 1676 complent.

61 1683 218 1745 cernimus
239 1681 382 1743 adstantis
404 1682 583 1762 nequiquam
607 1683 719 1743 lumine
741 1693 823 1745 torvo

61 1769 213 1830 Aetnaeos
235 1768 339 1828 iratres
362 1766 443 1827 caelo
466 1767 560 1848 capita
583 1767 799 1843 absterrentis,

61 1852 228 1914 concilium
249 1852 447 1914 horrendum:
471 1853 572 1932 quales
595 1871 663 1914 cum
684 1853 793 1915 vertice
816 1853 894 1916 celso

61 1939 161 2000 aeriae
185 1955 312 2015 quercus
334 1945 384 1998 ant
405 1937 555 1999 coniferae
577 1938 716 2018 cyparissi

62 2022 281 2095 constiterunt,
304 2021 372 2084 silva
395 2022 452 2083 alta
473 2023 549 2090 loyis
571 2022 691 2085 lucusve
713 2023 832 2084 Dianae.

61 2105 243 2188 praecipites
264 2115 361 2168 metus
382 2125 452 2168 acer
472 2107 530 2188 agit
553 2126 742 2187 quocumque
764 2108 898 2171 rudentis

63 2202 203 2254 excutere
227 2199 256 2251 et
276 2191 372 2254 ventis
394 2193 549 2254 intendere
571 2192 632 2254 vela
654 2193 801 2255 secundis.

106 2285 212 2339 contra
234 2276 312 2338 iussa
334 2286 459 2338 monent
480 2277 586 2339 Heleni
610 2277 734 2358 Scyllam
757 2287 845 2357 atque
868 2279 1043 2362 Charybdim
1068 2327 1075 2342 .
1100 2328 1107 2342 .
1132 2329 1139 2344 .

104 2363 188 2423 inter
208 2371 364 2440 utramque
385 2362 533 2438 viamleti
554 2362 724 2425 discrimine
746 2383 837 2444 parvo

106 2447 139 2507 ni
163 2454 285 2507 teneant
306 2464 412 2509 cursus
435 2481 475 2492 -
498 2456 613 2509 certum
637 2456 682 2509 est
701 2447 771 2510 dara
794 2448 883 2510 lintea
906 2459 995 2512 retro.

65 2550 134 2592 ecce
157 2539 255 2592 autem
278 2531 385 2593 lloreas
407 2542 530 2610 angusta
553 2532 588 2593 ab
611 2533 680 2594 sede
702 2533 797 2594 Pelori

64 2616 173 2678 missus
195 2616 284 2677 adest.
328 2616 391 2677 vivo
413 2618 623 2697 praetervehor
645 2617 718 2679 ostia
742 2636 811 2679 saxo

64 2700 223 2780 Pantagiae
245 2700 440 2780 Megarosque
461 2702 545 2764 sinus
566 2702 777 2782 Thapsumque
799 2704 953 2766 iacentem.

64 2783 144 2870 [talia
168 2785 351 2847 monstrabat
372 2787 508 2865 relegens
531 2795 626 2848 errata
649 2797 797 2849 retrorsus

63 2871 150 2932 litora
174 2870 421 2946 Achaemenides,
444 2890 544 2933 comes
566 2871 692 2934 infelicis
714 2871 812 2949 Ulixi]

151 2955 269 3016 Sicanio
292 2964 445 3036 praetenta
468 2956 536 3018 sinu
559 2957 635 3018 iacet
657 2956 751 3018 insula
775 2966 880 3017 contra

62 3039 244 3120 Plemyrium
268 3040 415 3102 undosum
439 3043 561 3115 (nomen
585 3041 687 3102 dixere
708 3041 823 3122 priores

63 3124 233 3206 Ortygiam3
256 3124 400 3205 Alpheum
423 3127 499 3187 lama
522 3135 567 3188 est
588 3125 646 3187 huc
669 3125 761 3187 Elidis
782 3144 899 3186 amnem

63 3210 196 3272 occultas
218 3209 313 3290 egisse
335 3210 394 3272 vias
415 3210 517 3272 subter
539 3229 636 3285 mare,
656 3211 706 3289 qui
729 3230 811 3272 nunc
1095 3220 1139 3270 695

63 3311 133 3369 ore,
157 3294 317 3367 Arethusa,
339 3303 392 3357 tuo
415 3295 521 3357 Siculis
543 3296 738 3358 conlunditur
761 3295 876 3373 undis):

151 3479 201 3531 668
218 3481 346 3531 vertimus
362 3479 421 3532 libri
440 3479 514 3549 pul*
566 3483 601 3544 et]
619 3484 668 3531 ut?
725 3481 775 3533 670
794 3479 919 3531 dextrum
938 3479 976 3531 Μι
1011 3479 1138 3530 dextram

61 3547 121 3599 libri
153 3561 173 3598 r.
186 3545 227 3612 1³¹,
239 3547 300 3600 item
321 3563 353 3601 ue
366 3546 481 3601 Serviani
501 3550 550 3613 (=
559 3550 682 3600 dextram
695 3549 841 3609 intendere)
859 3563 896 3613 pr.
910 3548 980 3600 (lass.
993 3552 1019 3598 et
1032 3545 1136 3598 Plotiae.

61 3617 113 3669 674
173 3616 294 3667 inomao
333 3614 395 3669 end.
432 3616 557 3668 Sicaniae
574 3615 648 3668 B'ahr.
669 3617 744 3680 1887,
763 3618 820 3668 tto.
925 3617 975 3667 684
993 3619 1088 3665 contra
1105 3629 1138 3664 aa

61 3686 136 3734 duem
153 3680 240 3735 Madv.
259 3685 299 3738 37.
331 3683 423 3751 Scylla
439 3683 576 3736 FP¹Ribh
609 3684 756 3752 Charybdis
774 3681 906 3734 Pa'liibb.
959 3683 1035 3744 684l6
1054 3680 1137 3732 damn.

63 3749 156 3819 wago.
173 3749 223 3804 LV.
238 3754 269 3804 'lb
283 3765 304 3803 s.
323 3757 350 3805 et
367 3751 470 3820 Grnppe
484 3755 524 3806 29.
582 3754 632 3806 685
650 3755 784 3817 utrimque
803 3748 831 3803 0.
844 3749 958 3801 Treuber
976 3747 1039 3800 llW.
1062 3749 1135 3812 1880,

64 3821 122 3872 124.
169 3820 219 3872 666
237 3817 404 3891 naP¹R¹y¹c¹
434 3818 527 3871 necP¹
553 3824 655 3871 eertum
668 3861 674 3871 .
687 3857 694 3870 .
707 3823 779 3869 retro
797 3817 881 3870 damn.
895 3816 1004 3869 Brunclr.
1035 3831 1136 3869 versum

61 3892 123 3939 ante
141 3888 191 3941 686
209 3901 266 3954 pos.
284 3885 359 3940 mun.
447 3886 520 3949 odola
541 3888 625 3940 damn.
643 3886 735 3954 Wagn.
752 3884 827 3937 Ribb.
