2286 4394
463 195 625 250 nunninus
642 197 701 250 ΗΒ.
719 199 738 252 l.

52 371 160 434 dividit
183 378 215 430 et
238 367 323 430 dictis
344 369 506 430 maerentia
528 378 649 449 pectora
670 372 795 432 mulcet:

51 449 88 519 ‘o
111 455 203 530 socii,
227 455 337 533 (neque
361 453 441 514 enim
464 455 560 534 ignari
582 472 684 517 sumus
706 464 774 518 ante
796 453 955 539 malorum)

59 561 79 602 o
101 541 181 621 passi
205 539 356 619 graviora,
380 539 460 600 dabit
481 541 553 602 deus
575 541 621 602 bis
643 559 762 620 quoque
783 542 884 603 linem.

60 646 113 688 vos
136 634 165 686 et
187 625 351 705 Scyllaeam
373 624 484 685 rabiem
506 626 685 705 penitusque
707 627 840 689 sonantis

60 710 186 774 accestis
209 709 366 790 scopulos,
388 728 440 771 vos
462 718 492 771 et
514 710 650 790 Cyclopia
672 729 740 772 saxa

58 796 193 877 experti:
216 804 354 856 revocate
376 793 490 857 animos
511 804 714 875 maestumque
736 795 873 857 timorem

63 882 185 957 mittite3
209 881 310 942 forsan
334 879 457 941 ethaeo
480 880 549 942 olim
571 880 742 943 meminisse
763 881 881 943 iuvabit.

61 986 119 1048 per
139 965 236 1028 varios
259 984 359 1037 casus,
381 983 436 1044 per
457 974 502 1027 tot
522 965 692 1028 discrimina
713 984 814 1026 rerum

61 1053 212 1115 tendimus
234 1050 266 1112 in
289 1050 418 1124 Latium,
441 1051 525 1112 sedes
548 1050 598 1112 ubi
621 1052 676 1112 lata
699 1051 812 1131 quietas

62 1137 243 1212 ostendunt;
266 1135 325 1196 illic
347 1136 390 1197 las
412 1154 505 1215 regna
527 1154 682 1215 resurgere
704 1136 819 1197 Troiae.

58 1225 167 1286 durate
190 1229 221 1282 et
242 1231 356 1282 vosmet
376 1221 467 1282 rebus
489 1232 602 1283 servate
623 1212 778 1283 secundis³

148 1307 231 1368 Talia
252 1324 324 1367 voce
346 1307 437 1366 refert
459 1306 597 1385 curisque
619 1307 791 1387 ingentibus
813 1324 901 1385 aeger

60 1413 148 1473 spem
170 1391 253 1452 voltu
275 1390 401 1463 simulat,
424 1392 532 1470 premit
553 1391 644 1452 altum
667 1393 756 1453 eorde
779 1392 920 1452 dolorem.

62 1479 104 1540 illi
127 1496 160 1540 se
183 1477 310 1557 praedae
332 1477 493 1556 accingunt
514 1476 696 1556 dapibusque
719 1477 843 1538 suturis:

62 1573 183 1644 tergora
207 1560 351 1641 diripiunt
372 1562 462 1623 costis
485 1570 514 1623 et
534 1563 646 1624 viscera
669 1564 799 1636 nudant,

62 1667 132 1729 pars
154 1649 186 1709 in
210 1647 310 1723 frusta
324 1658 427 1708 secant
448 1647 626 1726 veribusque
648 1648 804 1708 trementia
827 1647 938 1727 figunt,

63 1735 150 1795 litore
174 1742 248 1793 aena
270 1732 370 1793 locant
390 1732 438 1792 alii
460 1733 651 1811 flammasque
673 1733 849 1794 ministrant.

64 1828 126 1882 turn
149 1819 231 1879 victu
253 1825 393 1877 revocant
413 1817 484 1879 viris
505 1817 622 1896 lusique
644 1837 699 1897 per
719 1818 840 1879 herbam

64 1904 229 1984 implentur
250 1905 356 1963 veteris
378 1902 485 1963 Bacchi
507 1903 684 1982 pinguisque
707 1903 829 1963 ferinae.

64 1998 221 2069 postquam
245 1995 378 2066 exempta
400 1988 491 2048 fames
513 1987 608 2066 epulis
629 2005 807 2065 mensaeque
829 1995 972 2061 remotae,

65 2075 187 2135 amissos
210 2073 300 2150 longo
323 2072 419 2134 socios
440 2090 578 2133 sermone
600 2073 758 2151 requirunt

65 2176 211 2238 spemque
232 2167 403 2236 metumque
425 2157 503 2218 inter
525 2157 621 2232 dubii,
645 2175 695 2219 seu
720 2156 816 2217 vivere
839 2156 975 2230 credant,

65 2245 124 2306 sive
148 2251 280 2304 extrema
301 2243 361 2322 pati
384 2244 518 2303 aeciam
540 2242 679 2304 exaudire
701 2250 828 2303 vocatos.

65 2328 227 2409 praecipue
250 2327 317 2406 pius
339 2328 452 2388 deneas
475 2346 556 2388 nunc
580 2328 654 2389 acris
678 2327 798 2400 Oronti,

66 2432 148 2477 nunc
170 2413 273 2493 Amyci
297 2431 397 2474 casum
419 2412 509 2492 gemit
531 2422 560 2473 et
582 2413 711 2474 crudelia
734 2431 835 2473 secum

65 2500 123 2560 iata
145 2498 217 2578 Lyci
240 2499 407 2575 fortemque
430 2498 511 2578 Gyan
535 2499 701 2577 fortemque
724 2497 909 2558 Cloanthum.

150 2583 269 2644 Etiam
293 2582 361 2644 linis
383 2592 459 2657 erat,
483 2601 550 2643 cum
573 2582 706 2663 luppiter
727 2583 845 2643 aethere
867 2601 981 2644 summo

66 2669 234 2748 despiciens
257 2685 336 2728 mare
359 2667 513 2728 velivolum
536 2678 688 2747 terrasque
711 2669 833 2729 iacentis

67 2752 212 2833 litoraque
235 2760 264 2813 et
286 2753 359 2814 latos
381 2753 523 2832 populos,
547 2753 589 2814 sic
610 2755 719 2815 vertice
741 2754 814 2814 caeli

65 2839 199 2901 constitit
221 2847 251 2899 et
272 2837 381 2917 Libyae
403 2838 503 2899 defixit
523 2837 634 2899 lumina
657 2839 767 2919 regnis.

67 2933 155 3003 atque
177 2923 260 2984 illum
283 2923 348 2984 talis
371 2923 526 2985 iactantem
549 2932 670 3004 pectore
693 2942 779 2986 curas

68 3009 180 3070 tristior
202 3016 232 3070 et
253 3008 380 3070 lacrimis
402 3009 505 3071 oculos
527 3009 636 3070 suffusa
659 3008 780 3070 nitentis

67 3093 239 3173 adloquitur
259 3094 374 3155 Venus:
394 3090 426 3156 ‘o
449 3094 500 3173 qui
522 3113 569 3155 res
590 3094 805 3173 bominumque
826 3093 973 3170 deumque

67 3179 196 3240 artemis
218 3179 296 3258 regis
317 3179 449 3258 imperiis
471 3188 500 3239 et
522 3179 644 3240 fulmine
666 3187 774 3253 terres,

68 3265 139 3344 quid
161 3282 247 3324 meus
268 3264 382 3325 deneas
405 3265 435 3326 in
458 3273 488 3325 te
511 3265 695 3325 committere
717 3273 846 3334 tantum,

67 3350 139 3428 quid
161 3349 256 3410 Troes
277 3357 416 3428 potuere,
440 3348 548 3428 quibus
569 3358 613 3410 tot
634 3350 738 3410 lunera
760 3349 854 3429 passis

68 3444 196 3496 cunctus
219 3432 257 3494 ob
280 3434 391 3495 ltaliam
413 3445 559 3496 terrarum
583 3434 730 3495 clauditur
751 3431 852 3494 orbis‘l

68 3529 149 3581 certe
170 3519 242 3581 hinc
265 3519 415 3581 Romanos
437 3520 506 3580 olim
529 3518 712 3580 volventibus
735 3519 837 3590 annis,

65 3664 175 3722 ‘bledic’
190 3667 316 3740 Pieny¹l
386 3672 432 3722 201
448 3656 576 3738 Cyclopea
594 3669 653 3720 libri
666 3668 740 3721 Ribb.
805 3671 854 3722 209
872 3667 927 3718 alto
944 3659 1006 3716 ‘obl
1018 3658 1140 3730 praevet’

66 3737 159 3802 Pienx
224 3739 272 3791 212
292 3737 429 3803 deripiunt
441 3752 472 3789 ex
484 3737 580 3790 Heinsii
599 3738 742 3790 coniectura
757 3736 796 3789 ed.
810 3751 871 3795 rec.;
885 3732 929 3786 sed
944 3733 975 3784 cl.
988 3731 1060 3783 Pluis
1074 3734 1106 3785 25
1114 3731 1142 3796 ³).

66 3808 116 3860 223
130 3811 192 3857 erat
202 3803 308 3872 (verbis
318 3810 468 3870 stratosque
478 3808 616 3872 premebat
623 3806 763 3857 Aeneadas
775 3801 898 3869 romnus>
910 3800 985 3852 Bali.
997 3802 1071 3865 1884,
1084 3804 1134 3854 400

67 3877 118 3929 224
130 3875 277 3940 despiewm
288 3872 377 3926 Moret.
389 3873 408 3938 l,
421 3873 509 3940 Leid.¹,
527 3891 617 3927 comm.
631 3872 714 3932 Serv.;
734 3872 783 3923 del.
798 3870 899 3923 Lacbm.
912 3869 982 3920 Lucr.
996 3871 1053 3934 236,
1068 3868 1133 3920 Ribb
