2474 4388
127 239 188 299 182
510 239 537 293 Ρ.
551 239 679 292 vuucur
695 239 841 294 ursolus

123 407 223 475 ‘mene
246 413 336 493 igitur
358 413 471 474 socium
493 412 617 474 summis
639 413 800 492 adiungere
823 412 930 487 rebus,

125 499 209 574 Nise,
231 497 330 578 fugis‘l
353 498 447 558 solum
471 507 501 559 te
523 499 555 558 in
576 505 656 559 tanta
678 498 811 577 pericula
833 497 969 559 mittam?

125 603 186 644 non
209 583 249 644 ita
271 602 318 644 me
340 583 473 661 genitor,
496 582 582 644 hellis
603 584 742 644 adsuetus
764 584 921 663 Opheltes,

125 668 294 748 Argolicum
316 676 460 729 terrorem
484 668 564 729 iuter
585 668 750 748 Troiaeque
771 667 889 731 labores

125 753 273 816 sublatum
295 752 416 826 erudiit,
440 772 496 814 nec
519 761 617 815 tecum
638 753 706 814 talia
728 754 806 832 gessi

124 838 344 919 magnanimum
366 840 486 900 Aenean
511 847 540 899 et
561 839 620 899 iata
643 847 772 900 extrema
794 846 930 900 secutus·

125 932 170 985 est
191 924 255 998 hic,
278 932 323 986 est
345 923 461 984 animus
483 923 557 985 lucis
580 932 769 1003 contemptor
792 932 821 985 et
843 923 932 984 istum

125 1009 176 1088 qui
198 1009 255 1070 vita
276 1009 354 1070 bene
376 1010 477 1070 credat
499 1009 573 1082 emi,
598 1027 657 1087 quo
679 1008 792 1081 tendis,
814 1003 987 1069 honorem?

124 1095 212 1156 Nisus
234 1094 268 1155 ad
291 1094 380 1155 haec:
406 1087 555 1172 ‘equidem
577 1094 614 1154 de
637 1104 666 1154 te
689 1094 732 1155 nil
753 1054 810 1154 tale
831 1093 955 1154 verebar

126 1198 181 1241 uec
203 1180 261 1253 las,
285 1198 362 1252 non,
385 1179 424 1240 ita
446 1197 494 1239 me
516 1180 625 1239 referat
645 1178 699 1239 tibi
722 1197 854 1276 magnus
870 1187 1007 1239 ovantem

124 1263 258 1344 luppiter
280 1271 330 1326 aut
352 1264 533 1342 quicumque
556 1264 649 1326 oculis
671 1264 743 1325 haec
765 1264 870 1343 aspicit
891 1264 1001 1343 aequis.

124 1349 176 1410 sed
198 1349 223 1410 si
245 1349 311 1428 quis
333 1345 422 1432 (quae
443 1349 536 1410 multa
556 1349 639 1410 vidos
660 1349 830 1410 discrimine
852 1345 931 1430 tali),

123 1433 148 1495 si
172 1434 237 1512 quis
258 1433 288 1494 iu
312 1433 468 1494 adversum
489 1433 584 1514 rapiat
606 1452 726 1496 casusve
749 1435 873 1507 deusve,

124 1526 153 1578 te
175 1536 330 1598 superesse
351 1519 455 1579 velim:
478 1527 528 1580 tua
551 1519 608 1580 vita
630 1519 749 1598 dignior
770 1527 867 1594 aetas;

124 1603 179 1677 sit,
201 1603 252 1683 qui
274 1622 321 1664 me
343 1613 460 1683 raptum
482 1622 584 1684 pugna
605 1605 738 1684 pretiove
758 1605 946 1683 redemptum

123 1689 244 1759 mandet
265 1689 372 1764 humo,
394 1689 480 1751 solita
501 1698 552 1750 aut
572 1689 596 1751 si
619 1708 677 1768 qua
698 1690 727 1750 id
750 1689 881 1751 Fortuna
900 1689 1027 1760 vetabit,

124 1773 239 1835 absenti
260 1775 336 1835 ierat
356 1774 477 1836 inlerias
498 1775 679 1854 decoretque
701 1774 853 1854 sepulcrm

125 1878 185 1920 neu
206 1859 293 1920 matri
314 1859 439 1921 miserae
461 1860 536 1921 tanti
558 1860 613 1921 sim
635 1878 723 1922 causa
745 1859 871 1933 doloris,

124 1962 200 2024 quae
222 1953 251 2005 te
273 1944 349 2018 sola,
373 1963 463 2024 puer,
486 1945 586 2007 multis
609 1963 625 2005 e
648 1944 792 2007 matribus
814 1963 883 2006 ausa

123 2029 313 2109 persequitur
329 2030 433 2132 magni
456 2048 513 2091 nec
534 2031 653 2090 moenia
675 2038 759 2091 curat
780 2023 921 2091 Acestae?

123 2114 173 2177 ille
194 2123 308 2176 autem:
329 2107 445 2177 ‘causas
467 2115 647 2194 nequiquam
670 2116 766 2177 nectis
788 2114 885 2176 inanis

125 2218 181 2261 nec
202 2219 266 2261 mea
289 2201 346 2261 iam
368 2208 479 2261 mutata
501 2201 567 2261 loco
589 2201 736 2262 sententia
759 2199 852 2274 cedit;

124 2277 337 2347 adceleremus²
362 2285 412 2346 ait.
454 2285 555 2365 vigiles
578 2285 665 2347 simul
687 2286 810 2347 excitat·
803 2330 810 2345 .
783 2284 876 2346 tilli

123 2370 290 2431 succedunt
310 2378 488 2450 servantque
508 2371 604 2445 vices3
628 2371 755 2432 statione
776 2370 879 2431 relicta

124 2454 187 2534 ipse
209 2473 309 2516 comes
331 2455 401 2517 Niso
423 2455 557 2535 graditur
577 2474 737 2535 regemque
759 2455 926 2533 requirunt.

210 2539 312 2601 Cetera
334 2558 389 2621 per
409 2549 504 2603 terras
526 2541 623 2603 omnis
645 2540 780 2602 animalia
802 2559 909 2601 somno

124 2624 261 2686 laxabant
283 2643 369 2688 curas
390 2634 420 2688 et
442 2626 532 2687 corda
553 2625 646 2688 oblita
666 2626 817 2687 laborum:

125 2709 263 2772 ductores
285 2709 435 2773 Teucrum
455 2711 543 2791 primi
565 2719 595 2773 et
616 2712 729 2773 delecta
751 2711 888 2772 iuventus

125 2794 281 2856 consilium
303 2796 427 2858 summis
448 2797 534 2876 regni
556 2796 592 2857 de
615 2797 704 2858 rebus
725 2795 890 2868 hebebant,

126 2880 197 2959 quid
217 2881 351 2941 lacerent
372 2881 475 2960 quisve
496 2883 614 2943 Aeneae
636 2882 694 2942 iam
717 2881 842 2942 nuntius
864 2888 950 2943 esset.

124 2972 202 3026 stant
224 2965 322 3044 longis
343 2967 442 3028 adnixi
464 2967 554 3029 hastis
576 2975 606 3027 et
627 2976 709 3027 scuta
730 2974 867 3027 tenentes

125 3058 289 3111 castrorum
311 3057 342 3111 et
363 3051 459 3131 campi
481 3051 694 3112 mediatum
716 3051 804 3113 Nisus
826 3059 856 3112 et
877 3067 937 3110 una

125 3133 270 3214 Euryalus
293 3136 450 3197 confestim
471 3137 581 3197 alacres
603 3114 749 3197 admittier
771 3144 871 3197 orant:

125 3235 188 3278 rem
210 3236 362 3315 magnam,
385 3221 573 3300 pretiumque
594 3239 697 3282 morae
717 3222 791 3282 sore.
835 3220 951 3300 primus
973 3215 1054 3278 lulus

125 3303 240 3384 accepit
260 3303 391 3384 trepidos
411 3324 445 3367 ac
469 3305 570 3366 Nisum
593 3305 691 3367 dicere
712 3305 808 3368 iussit.

125 3399 189 3451 tum
210 3388 254 3450 sic
276 3387 462 3471 Hyrtacides:
481 3385 593 3452 ‘audite
615 3410 633 3452 o
655 3391 806 3452 mentibus
827 3389 943 3468 aequis,

125 3473 296 3549 Aeneadae,
319 3494 392 3537 neve
413 3477 486 3538 haec
509 3476 618 3538 nostris
640 3484 814 3556 spectentur
836 3476 872 3536 ab
895 3472 998 3544 annis,
1157 3478 1200 3529 235

126 3577 201 3638 quae
223 3559 360 3622 serimusl
383 3561 484 3624 Rutuli
505 3581 611 3623 somno
633 3563 762 3640 vinoque
784 3561 872 3624 soluti

212 3780 264 3833 214
279 3780 371 3831 saltem
388 3779 775 3848 autflenryJJ.1sor,mv.
816 3777 975 3829 cutecltem
999 3773 1101 3827 Peerlk.
1170 3771 1200 3822 id

127 3861 176 3898 om.
194 3846 286 3900 lloffm.
305 3850 345 3901 16.
414 3849 464 3901 226
482 3853 509 3898 et
524 3863 574 3900 om.
592 3847 664 3906 libri;
683 3848 767 3900 exhib.
783 3847 823 3900 ed.
836 3843 973 3899 antePier.
1043 3844 1094 3894 229
1111 3843 1197 3891 meur.

126 3919 180 3979 atq.
198 3919 270 3965 entes
286 3913 319 3966 P¹
381 3918 412 3966 in
428 3921 504 3968 scuta
522 3920 625 3967 tuentes
642 3887 717 3968 llibb.
804 3917 854 3968 236
871 3914 968 3979 sepulti
985 3911 1059 3974 la²mx
1072 3909 1144 3961 Serv.
1163 3907 1199 3974 pl.
