2286 4394
446 224 607 280 sunalbus
623 226 685 282 tte.
695 227 726 282 V.
1067 229 1128 291 103

15 416 18 449 ¹
49 409 168 473 castra,
191 417 249 460 nec
271 398 421 461 exanimes
442 408 569 479 possunt
590 400 719 461 retinere
740 400 881 478 magistri.

48 478 133 565 ‘quis
155 485 240 546 furor
261 484 317 546 iste
339 481 454 546 novus?
476 503 536 564 quc
559 503 656 559 nunc,
680 503 739 564 quo
760 475 894 548 tenditis'
919 487 1031 567 inquit,
1085 499 1130 550 utu

48 564 124 632 ‘beu
146 569 271 631 miserae
293 566 393 632 cives?
415 589 476 631 non
500 570 614 632 bostem
636 569 814 649 inimicaque
836 580 931 633 castra

54 655 343 735 Argiuom„uestras
364 671 432 734 spes
453 655 547 717 uritis.
591 673 645 729 en,
662 673 724 734 ego
746 665 843 717 vester

56 728 227 802 Ascaniusl'
253 771 294 784 —-
317 739 428 820 galeam
448 749 519 802 ante
540 739 630 820 pedes
651 740 776 819 proiecit
796 741 932 815 inanem,

57 844 115 905 qua
135 825 206 888 ludo
229 825 350 887 indutus
372 824 440 886 belli
462 825 618 888 simulacra
639 823 744 886 ciebat

56 910 203 972 adcelerat
223 909 310 972 simul
332 911 459 984 leneas,
486 910 574 972 simul
595 909 711 989 agmina
734 909 891 972 Teucrum.

57 1004 100 1057 ast
121 995 187 1057 illae
210 995 322 1057 diuersa
344 1004 425 1057 metu
446 1013 501 1075 per
522 995 607 1057 litora
630 994 738 1075 passim

58 1080 217 1160 diffugiunt
238 1079 382 1158 silvasque
406 1089 435 1141 et
456 1079 550 1142 sicubi
573 1098 700 1142 concava
722 1079 823 1140 furtim

58 1184 125 1228 saxa
146 1173 266 1245 petunt;
289 1164 369 1245 piget
391 1165 501 1245 incepti
524 1165 672 1244 lucisque,
694 1182 824 1243 suosque

58 1259 185 1312 mutatae
206 1251 392 1328 adgnoscunt
414 1268 595 1330 excussaque
616 1259 738 1329 pectore
761 1249 836 1312 lunc
858 1259 912 1312 est.

59 1336 106 1397 sed
129 1354 192 1397 non
215 1336 324 1397 ideireo
347 1335 480 1397 flammae
502 1343 589 1414 utque
611 1335 747 1396 incendia
769 1335 838 1397 viris

58 1420 216 1482 indomitas
236 1438 379 1500 posuere:
402 1420 462 1482 udo
483 1420 538 1482 sub
562 1418 671 1482 robore
692 1420 760 1481 vivit

57 1515 162 1586 stuppa
185 1524 309 1567 vomens
330 1505 445 1570 tardum
468 1505 581 1567 sumum
603 1505 761 1584 lentusque
783 1504 898 1567 carinas

58 1600 102 1652 est
122 1609 214 1670 vapor
236 1599 265 1651 et
286 1599 349 1651 toto
372 1590 524 1652 descendit
545 1608 671 1670 corpore
693 1589 800 1670 pestis,

59 1695 113 1738 nec
134 1676 211 1737 vires
233 1676 357 1737 bereum
380 1676 536 1755 infusaque
561 1675 682 1737 flumina
704 1685 839 1754 prosunt.

141 1760 218 1821 Tum
239 1761 306 1840 pius
328 1760 443 1822 Aeneas
464 1759 574 1823 umeris
597 1759 770 1822 abscindere
792 1770 901 1823 vestem

57 1845 225 1925 auxilioque
246 1864 352 1908 vocare
373 1846 444 1908 deos
466 1854 496 1907 et
516 1846 640 1907 tendere
661 1844 787 1925 palmas:

54 1923 200 2010 ‘luppiter
223 1930 427 2010 omnipotens,
450 1930 475 1991 si
498 1930 632 1992 nondum
654 1949 760 1992 exosus
782 1929 816 1991 ad
840 1948 933 1991 unum

56 2016 220 2087 Troianos,
242 2016 360 2095 siquid
382 2015 475 2095 pietas
497 2015 618 2095 antiqua
638 2015 755 2077 labores

57 2101 178 2181 respicit
198 2101 360 2175 humanos,
383 2100 418 2161 da
439 2102 586 2162 flammam
608 2100 732 2162 evadere
754 2098 838 2160 classi

57 2205 156 2259 nunc,
180 2196 278 2266 pater,
301 2194 330 2247 et
351 2184 450 2247 tenuis
472 2184 619 2248 Teucrum
642 2204 689 2247 res
712 2184 793 2264 eripe
814 2183 890 2259 leto;

56 2271 100 2333 vel
122 2281 173 2344 tu,
197 2270 275 2350 quod
298 2280 447 2349 superest,
470 2270 577 2334 infesto
599 2270 723 2332 fulmine
746 2268 849 2343 morti,

53 2357 79 2418 si
101 2373 235 2430 mercor,
258 2355 377 2417 demitte
400 2365 509 2434 tuaque
531 2355 579 2418 bic
601 2356 694 2417 obrue
717 2344 836 2416 dextra?

54 2444 103 2504 vix
124 2442 198 2503 haec
220 2440 363 2514 ediderat,
386 2459 454 2502 cum
477 2441 577 2504 effusis
598 2440 743 2502 imbribus
765 2449 826 2501 atra

55 2536 216 2606 tempestas
237 2525 301 2588 sine
323 2543 406 2586 more
428 2526 501 2587 lurit
521 2526 694 2604 tonitruque
716 2533 898 2588 tremescunt

56 2612 147 2673 ardua
169 2620 313 2674 terrarum
337 2619 366 2674 et
386 2611 497 2690 campi:
520 2611 581 2672 ruit
601 2611 719 2672 aethere
741 2619 805 2673 toto

56 2696 193 2760 turbidus
214 2695 310 2757 imber
330 2713 405 2774 aqua
426 2695 585 2774 densisque
608 2694 787 2775 nigerrimus
808 2694 931 2770 austris3

52 2782 278 2862 implenturque
299 2798 390 2860 super
410 2798 541 2861 puppes,
563 2781 703 2842 semiusta
724 2780 897 2842 madescunt

56 2867 180 2939 robora,
203 2865 363 2928 restinctus
385 2867 480 2928 donec
501 2883 594 2945 vapor
615 2864 712 2927 omnis
733 2874 765 2926 et
785 2883 889 2927 omnes

54 2960 197 3032 quattuor
218 2950 331 3013 amissis
351 2959 483 3013 servatae
504 2969 520 3011 a
542 2958 625 3030 peste
647 2950 774 3012 carinae.

141 3037 179 3098 At
200 3045 285 3115 pater
306 3037 419 3097 Aeneas
442 3053 511 3098 casu
532 3053 695 3097 concussus
716 3035 824 3096 acerbo

57 3140 138 3184 nunc
162 3122 221 3182 buc
242 3120 388 3200 ingentis,
411 3138 494 3182 nune
515 3119 585 3182 illuc
606 3129 727 3200 pectore
749 3138 836 3183 curas

55 3206 189 3269 mutabat
210 3223 346 3279 versans,
369 3205 515 3268 Siculisne
537 3205 680 3268 resideret
701 3206 777 3268 arvis

54 3291 167 3354 oblitus
189 3292 316 3353 latorum
338 3290 463 3353 Italasne
484 3299 650 3370 capesseret
672 3308 748 3353 cras.

55 3387 119 3439 tum
141 3377 243 3439 senior
259 3375 387 3451 Nautes,
409 3394 503 3438 unum
526 3375 657 3437 Tritonia
680 3375 773 3438 Pallas

54 3480 146 3542 quem
169 3460 270 3523 docuit
290 3461 441 3540 multaque
463 3461 610 3541 insignem
631 3460 758 3523 reddidit
778 3469 840 3521 arte
1085 3465 1129 3517 tut

56 3547 124 3624 (bac
145 3563 287 3627 responsa
309 3545 412 3622 dabat,
433 3546 479 3608 ael
501 3563 576 3625 quae
598 3545 790 3625 portenderet
810 3545 853 3606 ira

143 3698 192 3750 680
210 3698 318 3760 flamm
337 3694 453 3750 P¹Ribb.
496 3697 631 3759 flammam
642 3692 743 3764 M¹P²y¹
813 3694 863 3746 684
880 3706 928 3741 nec
944 3688 1041 3740 Troum
1058 3689 1128 3738 cirea

54 3764 124 3818 Geni
141 3766 182 3818 24.
269 3767 317 3817 eat
338 3766 442 3816 eaom’r
458 3762 532 3817 Ribb.
619 3764 668 3815 693
685 3763 799 3812 nubibus
816 3759 845 3812 ll.
858 3759 966 3811 waner
984 3755 1034 3810 BG.
1053 3757 1128 3820 1886,

54 3835 149 3954 ἥξοι.
166 3833 243 3967 vdqu
254 3835 355 3954 agapis
370 3830 502 3902 tt¹l>²y¹u¹
572 3833 622 3884 706
640 3832 704 3881 leaeo
721 3829 779 3882 libri
798 3831 898 3896 praeter
915 3825 955 3887 c¹3
974 3824 1006 3877 cl.
1024 3823 1129 3878 Dietsclt
