2474 4388
449 213 610 268 AENElDOS
628 215 686 271 LlB.
705 215 742 268 111.

49 383 248 464 prosequitur
269 402 395 464 surgens
418 403 434 445 a
457 387 550 465 puppi
572 395 678 448 ventus
699 388 795 449 euntis

50 477 83 530 et
104 468 226 530 tandem
249 469 378 549 antiquis
401 469 541 531 Curetum
564 470 728 532 adlabimur
750 473 818 534 oris.

51 572 128 633 ergo
150 553 251 616 avidus
274 572 374 616 muros
397 563 514 635 optatae
537 555 643 616 molior
665 556 748 617 urbis

53 638 308 718 Pergameamque
329 657 403 700 roeo
426 648 456 700 et
477 639 580 701 laetam
604 641 782 720 cognomine
805 650 924 719 gentem
974 646 978 651 ’

54 723 161 784 hortor
183 741 282 784 amare
303 724 387 785 focos
409 743 566 804 arcemque
588 726 721 786 attollere
743 727 838 787 tentis.

55 809 175 887 iamque
197 810 260 869 fere
281 808 360 870 sicco
383 809 545 871 subductae
565 809 651 871 litore
673 829 803 890 puppes,

55 893 184 954 conubis
206 893 340 972 arvisque
363 894 447 956 novis
469 902 589 974 operata
604 896 763 967 iuventus,

56 977 124 1039 iura
145 977 308 1056 domosque
330 978 452 1053 dabam,
475 979 573 1040 subito
597 998 665 1040 eum
687 978 784 1040 tabida
807 979 947 1042 membris

58 1071 202 1142 corrupto
225 1061 298 1123 caeli
319 1071 415 1124 tractu
437 1064 663 1143 miserandaque
684 1064 766 1125 venit

56 1147 276 1226 arboribusque
298 1147 426 1228 satisque
448 1149 512 1210 lues
534 1158 563 1210 et
584 1150 682 1210 letifer
704 1167 811 1209 annus.

57 1231 236 1311 linquebant
258 1231 352 1294 dulcis
374 1233 487 1294 animas
509 1244 560 1294 aut
581 1251 668 1312 aegra
691 1232 847 1294 trahebant

59 1335 203 1396 eorpora;
226 1324 290 1378 tum
312 1317 419 1379 sterilis
442 1336 566 1379 exurere
589 1318 683 1380 Sirius
705 1334 807 1396 agros;

57 1400 186 1462 arebant
206 1400 315 1462 herbae
337 1409 368 1463 et
388 1403 497 1464 vietum
519 1420 603 1480 seges
625 1421 712 1482 aegra
735 1401 870 1481 negabat.

58 1504 165 1549 rursus
186 1486 221 1547 ad
245 1486 375 1547 oraelum
399 1487 537 1567 Ortygiae
560 1487 772 1566 Phoebumque
796 1505 933 1549 remenso

58 1572 198 1632 bortatur
219 1580 303 1650 pater
325 1572 368 1632 ire
389 1573 463 1632 mari
485 1573 660 1651 veniamque
683 1573 815 1652 precari,v
889 1579 894 1587 “

59 1674 150 1735 quam
174 1655 258 1717 sessis
279 1657 369 1717 finem
392 1655 482 1718 rebus
504 1659 593 1731 ierat,
616 1656 695 1718 unde
717 1656 851 1718 laborum

59 1749 206 1821 temptare
228 1739 368 1801 auxilium
391 1740 506 1814 iubeat,
530 1760 589 1820 quo
610 1750 726 1803 vertere
749 1759 863 1802 cursus.

148 1826 213 1886 Nox
235 1834 298 1887 erat
320 1835 349 1887 et
371 1827 458 1888 terris
481 1827 617 1888 animalia
639 1845 762 1888 somnus
783 1825 922 1887 habebat:

61 1911 177 1989 effigies
198 1928 299 1971 sacrae
321 1911 418 1971 divom
441 1911 619 1991 Phrygiique
642 1920 781 1992 penates,

62 2012 140 2074 quos
161 2013 278 2056 meeum
300 1994 336 2055 ab
360 1995 447 2057 Troia
470 1997 633 2074 mediisque
655 2015 689 2056 ex
714 1994 832 2074 ignibus
853 1994 937 2055 urbis

64 2080 243 2156 extuleram,
265 2080 318 2141 visi
340 2087 409 2140 ante
432 2079 534 2142 oculos
555 2082 670 2142 adstare
692 2080 817 2141 iacentis

64 2165 95 2225 in
120 2165 248 2241 somnis,
271 2165 363 2226 multo
385 2166 534 2227 manifesti
554 2166 683 2238 lumine,
706 2182 764 2243 qua
785 2182 817 2225 se

63 2250 154 2330 plena
177 2268 231 2329 per
253 2250 378 2311 insertas
400 2250 544 2312 lundebat
564 2251 635 2312 luna
657 2251 816 2324 fenestras3

63 2344 130 2396 tum
152 2334 196 2396 sie
217 2333 309 2395 adfari
331 2344 361 2395 et
382 2353 469 2396 ouras
490 2336 536 2396 his
558 2336 676 2396 demere
699 2334 798 2397 dietis:

60 2412 158 2498 ‘quod
180 2419 233 2479 tibi
255 2418 352 2480 delato
375 2419 524 2500 Ortygiam
548 2419 681 2480 dicturus
703 2419 807 2499 Apollo
830 2428 889 2492 est,

65 2504 116 2565 bio
139 2504 219 2565 canit
240 2512 269 2565 et
290 2511 340 2565 tua
364 2522 419 2566 nos
441 2522 479 2564 en
502 2505 580 2566 ultro
603 2504 638 2565 ad
661 2504 761 2565 limina
785 2502 882 2564 mittit.

68 2608 125 2650 nos
147 2597 176 2650 te
199 2589 344 2651 llardania
366 2589 488 2651 incensa
510 2597 620 2668 tuaque
642 2606 723 2649 arma
746 2587 854 2662 secuti,

68 2693 126 2735 nos
146 2672 291 2734 tumidum
314 2672 420 2736 subto
443 2673 594 2754 permensi
616 2673 758 2735 elassibus
781 2689 907 2751 aequor,

68 2758 147 2819 idern
168 2767 309 2820 venturos
330 2758 469 2820 tollemus
491 2758 521 2819 in
545 2766 623 2820 astra
646 2766 771 2837 nepotes

68 2842 287 2923 imperiumque
308 2842 375 2904 urbi
397 2843 540 2904 dabimus.
584 2851 618 2904 tu
639 2843 757 2904 moenia
778 2840 894 2919 maguis

69 2944 177 3006 magna
199 2945 270 3007 para
291 2927 474 3007 longumque
496 2929 583 3005 lugae
605 2946 644 2988 ne
665 2928 767 3006 linque
788 2924 930 2986 laborem.

69 3012 230 3074 mutandae
251 3012 345 3074 sedes.
390 3031 452 3073 non
475 3013 549 3073 haee
570 3011 624 3072 tibi
645 3012 731 3073 litora
752 3011 844 3073 suasit

69 3097 172 3158 Delius
192 3105 243 3158 aut
266 3096 367 3158 Cretae
389 3097 475 3159 iussit
496 3097 651 3159 considere
674 3095 789 3177 Apollo.

69 3190 116 3243 est
137 3182 235 3254 loeus,
258 3181 429 3262 Hesperiam
454 3181 522 3243 Grai
544 3182 723 3260 cognomine
745 3179 864 3253 dieunt,

68 3277 150 3328 terra
172 3266 307 3345 antiqua,
330 3275 438 3348 potens
459 3267 547 3328 armis
570 3276 659 3346 atque
681 3267 772 3327 ubere
795 3264 931 3345 glaebae;

71 3351 198 3413 Oenotri
219 3350 339 3413 coluere
360 3351 432 3426 viri,
456 3370 538 3412 nune
559 3352 636 3412 lama
660 3351 790 3412 minores
913 3350 914 3355 ’

69 3436 184 3497 ltaliam
206 3435 313 3498 dixisse
334 3436 418 3498 ducis
440 3436 476 3498 de
499 3437 621 3497 nomine
643 3444 778 3515 gentem:

69 3520 127 3582 bae
149 3520 237 3583 nobis
259 3521 398 3602 propriae
419 3522 521 3595 sedes,
543 3521 613 3583 bino
636 3522 789 3582 Dardanus
812 3527 895 3580 ortus

159 3742 207 3795 131
225 3743 282 3793 iam
292 3741 457 3809 Berecyntao
476 3741 542 3795 noni.
556 3739 647 3807 Wagn.
680 3742 766 3791 rieaoe
783 3736 829 3802 M¹,
847 3735 906 3788 inde
923 3739 1011 3787 donae
1028 3733 1067 3785 [u.
1081 3731 1147 3786 ZdG.

72 3809 149 3873 1881,
168 3811 227 3863 aad.
253 3807 332 3862 verba
350 3813 421 3861 rioeo
441 3846 467 3864 ..
482 3824 587 3876 poppae
605 3807 665 3861 secl.
684 3806 768 3872 Ribb.‚
786 3803 886 3857 Peerlk.
905 3819 966 3856 vero
981 3804 1029 3857 134
1048 3816 1149 3852 aream-

69 3892 124 3944 que
140 3913 169 3932 ..
186 3878 383 3933 tuaentus136.
437 3880 485 3932 140
503 3874 618 3944 animoa]
635 3891 717 3928 auras
734 3889 807 3942 prop.
820 3872 859 3925 lll.
915 3875 962 3927 lbO
981 3873 1053 3924 ordis
1067 3869 1149 3922 Gebb.

124 3966 243 4022 tergium.
981 3959 997 4010 4
