2474 4388
110 187 169 245 116
497 195 524 248 Ρ.
538 194 666 249 VERGlLl
682 195 829 253 hunonis

108 379 248 448 quattuor
270 368 318 428 hic
341 367 470 445 primum
493 368 637 446 nigrantis
659 376 740 446 terga
764 369 905 431 iuvencos

109 453 262 515 coustituit
284 452 434 531 frontique
457 453 584 532 invergit
605 453 671 513 rina
694 454 833 515 sacerdos

109 549 138 601 et
160 557 289 600 summas
312 554 438 615 carpens
460 537 554 598 media
577 538 656 598 inter
678 556 790 599 cornua
814 548 908 602 saetas

109 623 229 703 ignibus
250 623 377 702 imponit
398 623 506 696 sacris,
529 622 667 683 libamina
689 625 799 703 prima,

108 727 180 769 voce
202 728 310 769 vocans
333 707 464 768 Hecaten
489 708 629 786 caeloque
651 707 810 788 Ereboque
833 716 998 788 potentem.

109 803 287 874 supponunt
308 793 355 853 alii
378 793 490 854 cultros
512 793 703 871 tepidumque
725 811 864 855 cruorem

109 881 276 959 suscipiunt
297 879 416 958 pateris.
461 878 524 956 ipse
547 879 602 938 atri
624 878 741 940 velleris
764 897 870 956 agnam

109 969 224 1026 deneas
246 965 331 1025 matri
353 963 550 1023 Eumenidum
573 982 757 1043 magnaeque
780 965 876 1025 sorori

109 1070 180 1112 ense
203 1051 271 1111 ierit
293 1049 481 1126 sterilemque
504 1047 573 1121 tibi,
597 1048 789 1127 Proserpina,
811 1068 939 1111 vaccam.

111 1145 172 1198 tum
195 1136 295 1215 Stygio
318 1134 382 1211 regi
405 1142 567 1194 nocturnas
590 1134 710 1193 incohat
732 1152 796 1194 aras

110 1231 139 1280 et
161 1221 252 1281 solida
276 1219 402 1297 imponit
424 1229 576 1277 taurorum
599 1219 710 1278 viscera
732 1219 857 1280 flammis

109 1306 221 1385 pingue
243 1322 334 1384 super
357 1304 452 1363 oleum
477 1303 638 1364 inlundens
661 1302 834 1365 ardentibus
857 1305 940 1366 extis.

110 1408 180 1450 ecce
203 1399 301 1450 autem
323 1388 411 1467 primi
433 1387 489 1448 sub
512 1388 623 1448 lumina
646 1389 715 1450 solis
738 1398 767 1450 et
789 1397 872 1450 ortus

110 1475 166 1537 sub
189 1474 314 1553 pedibus
337 1472 450 1550 mugire
472 1473 569 1532 solum
592 1483 622 1533 et
643 1473 710 1552 iuga
734 1483 839 1553 coepta
862 1476 973 1537 moveri

110 1561 247 1621 silvarum
271 1560 408 1637 visaeque
431 1575 520 1618 canes
542 1558 655 1618 ululare
677 1576 732 1637 per
755 1559 891 1619 umbram

110 1645 285 1705 adventante
309 1643 370 1704 dea.
412 1636 531 1722 ‘procul
553 1663 587 1715 o,
610 1645 715 1722 procul
739 1651 814 1719 este,
837 1636 982 1724 proiaui',

111 1730 276 1791 conclamat
297 1739 378 1790 vates
397 1722 534 1806 ‘totoque
557 1728 687 1789 absistite
710 1730 794 1802 luco;

109 1826 202 1895 tuque
225 1815 327 1875 invade
349 1815 423 1874 viam
446 1814 609 1891 vaginaque
633 1814 714 1892 eripe
737 1815 866 1887 ferrum;

111 1920 193 1961 nuuc
215 1901 320 1961 animis
344 1919 434 1977 opus,
458 1900 572 1971 Aenea,
595 1917 677 1958 utine
700 1908 820 1978 pectore
843 1890 954 1960 firmo.³

110 1997 225 2047 tautum
248 1987 333 2046 ellata
357 1986 461 2045 lurcns
482 1992 568 2043 antro
591 2002 622 2044 se
644 1983 765 2044 immisit
788 1995 907 2063 aperto;

111 2071 159 2132 ille
183 2071 287 2132 ducem
311 2071 387 2130 haud
410 2069 519 2129 timidis
541 2068 694 2128 vadentem
717 2069 852 2147 passibus
873 2079 988 2148 aequat.

197 2158 248 2234 Di,
270 2156 378 2234 quibus
400 2155 556 2232 imperium
578 2162 624 2214 est
644 2154 826 2226 animarum,
849 2154 1032 2234 umbraeque
1054 2156 1178 2218 silentes

112 2252 142 2302 et
165 2242 259 2302 Chaos
281 2253 311 2300 et
333 2240 531 2319 Phlegethon,
555 2239 618 2299 loca
642 2247 730 2298 nocte
752 2239 880 2299 tacentia
903 2240 975 2314 late,
1148 2253 1191 2302 265

112 2327 150 2387 sit
171 2327 243 2387 mihi
265 2327 308 2386 las
330 2325 427 2385 audita
450 2324 547 2401 loqui,
571 2324 609 2384 sit
631 2324 754 2384 numine
776 2333 872 2385 vestro

113 2412 243 2490 pandere
265 2428 312 2470 res
335 2410 392 2469 alta
413 2418 492 2469 terra
515 2416 544 2467 et
566 2409 690 2485 caligine
713 2408 839 2469 mersasl

197 2495 283 2555 ibant
304 2494 423 2554 obscuri
445 2492 506 2554 sola
529 2493 583 2553 sub
608 2502 694 2553 nocte
718 2511 771 2572 per
793 2493 928 2553 umbram

113 2597 226 2660 perque
249 2581 352 2640 domos
374 2579 447 2640 Ditis
468 2596 573 2639 vacuas
596 2586 625 2638 et
646 2578 744 2639 inania
766 2597 874 2658 regna,

114 2665 199 2743 quale
221 2684 275 2743 per
296 2665 440 2726 incertam
462 2664 563 2723 lunam
585 2663 640 2724 sub
662 2663 728 2723 luce
750 2664 876 2742 maligna

114 2759 159 2812 est
180 2750 236 2810 iter
257 2751 286 2810 iu
311 2751 404 2821 silvis,
427 2750 478 2811 ubi
501 2749 613 2810 caelum
638 2748 769 2808 condidit
790 2747 896 2808 umbra

114 2835 247 2915 luppiter
269 2845 298 2896 et
319 2835 408 2896 rebus
431 2854 489 2895 nox
512 2833 631 2895 abstulit
653 2843 714 2894 atra
737 2833 877 2894 colorem.

113 2921 290 2982 vestibulum
312 2931 380 2981 ante
403 2921 499 3000 ipsum
521 2919 684 3000 primisque
706 2918 737 2979 in
760 2917 895 2980 lancibus
917 2917 986 2979 Orci

114 3005 225 3066 Luctus
248 3016 277 3066 et
297 3006 417 3067 ultrices
439 3022 566 3084 posuere
588 3003 693 3065 cubilia
718 3003 826 3077 Curae3

114 3091 316 3169 pallentesque
338 3090 471 3151 habitant
492 3089 586 3150 Morbi
609 3089 760 3167 tristisque
783 3089 927 3149 Senectus
1148 3099 1191 3150 275

115 3184 145 3233 et
166 3175 260 3235 lletus
283 3184 312 3234 et
334 3175 498 3235 malesuada
521 3173 625 3234 Fames
647 3192 681 3234 ac
702 3173 798 3252 turpis
820 3172 955 3251 Egestas,

114 3259 263 3320 terribiles
284 3260 347 3320 visu
369 3261 497 3332 formae,
521 3257 685 3336 Letumque
708 3257 863 3337 Labosque
870 3277 878 3333 ;

115 3355 179 3404 tum
201 3344 442 3422 consanguineus
462 3342 526 3404 Leti
549 3344 646 3422 Sopor
668 3352 698 3403 et
718 3343 792 3403 mala
815 3342 923 3403 mentis

116 3429 227 3490 Gaudia
248 3430 493 3507 mortiferumque
515 3429 636 3490 adverso
658 3428 689 3488 iu
712 3428 813 3488 limine
835 3428 948 3488 Bellum

115 3515 263 3594 ferreique
288 3514 483 3575 Eumenidum
505 3513 624 3574 thalami
647 3521 677 3573 ct
698 3513 848 3574 Discordia
871 3513 993 3573 demens
1148 3521 1192 3572 250

202 3667 251 3720 249
268 3668 369 3731 succip.
388 3664 493 3735 Ely²b²
511 3663 593 3729 (Serv.
608 3655 742 3730 ‘antique't
760 3662 834 3714 Ribb.
912 3665 964 3714 254
981 3677 1114 3728 superque
1131 3660 1190 3713 libri

116 3738 216 3798 praeter
232 3754 259 3798 χ;
278 3733 352 3785 Ribb.
365 3733 470 3784 lacunae
488 3732 562 3799 signo
581 3731 667 3784 addito
687 3736 745 3797 post
758 3732 816 3782 254.
849 3746 964 3796 superne
981 3727 1073 3796 Wagn.
1091 3729 1139 3791 Qu.
1160 3729 1191 3781 V.

117 3800 160 3851 llll
174 3802 213 3852 13.
273 3800 390 3863 fundens
408 3802 465 3852 libri
482 3817 519 3867 pr.
533 3799 566 3865 ht,
583 3799 642 3851 inde
659 3796 855 3864 superfundens
873 3800 959 3849 oleum
977 3796 1070 3865 Schap.
1107 3814 1136 3865 p.
1156 3799 1191 3850 ol.

116 3884 197 3934 super·
214 3867 265 3929 inf.
284 3869 386 3936 llappee
404 3870 457 3924 ed.²
478 3871 550 3923 1878.
637 3870 686 3921 2ῑὸ
705 3883 755 3933 que
773 3882 822 3919 om.
840 3865 893 3936 Pyc
904 3865 979 3919 Ribb.
