2286 4394
80 217 121 278 76
453 217 482 271 Ρ.
495 216 622 271 vssuolu
639 216 785 273 tesaurus

78 402 141 453 tum
163 410 233 452 vero
256 391 362 452 Teucri
384 387 563 451 incumbunt
585 399 615 450 et
634 390 720 451 litore
743 390 836 453 celsas

78 475 229 537 deducunt
251 485 313 536 toto
337 475 428 537 naris.
474 484 555 536 natat
576 485 664 537 uncta
687 475 787 536 carina

78 561 303 640 frondentisque
326 562 426 622 lerunt
446 578 546 622 remos
567 569 597 620 et
617 559 725 622 robora
747 560 826 622 silvis

78 645 250 707 infabricata
272 646 358 725 fugae
381 645 488 708 studio.

77 731 232 810 migrantis
253 749 358 792 cernas
380 740 500 809 totaque
522 746 557 788 ex
579 728 655 788 urbe
676 729 801 790 ruentis.

77 834 112 877 ac
133 816 213 877 velut
234 817 388 895 ingentem
411 815 550 876 formicae
572 813 659 875 farris
680 832 818 876 acervum

77 918 145 963 cum
167 901 312 981 populant
333 901 437 963 hiemis
459 917 606 960 memores
628 908 766 978 tectoque
787 909 955 984 reponunt;

78 987 100 1047 it
123 987 240 1066 nigrum
263 987 373 1066 campis
396 1003 500 1066 agmen
524 984 720 1064 praedamque
743 1002 797 1064 per
819 985 926 1048 herbas

78 1081 255 1134 convectant
276 1071 348 1132 calle
370 1079 512 1149 angust03
534 1087 603 1148 pars
624 1068 745 1147 grandia
767 1071 892 1132 trudunt

78 1157 203 1219 obnixae
225 1158 373 1218 lrumenta
394 1155 520 1228 umeris,
543 1171 612 1234 pars
634 1154 750 1233 agmina
772 1164 886 1233 cogunt

77 1243 282 1321 castigantque
304 1258 418 1314 moras3
442 1257 533 1319 opere
555 1239 653 1301 omnis
675 1241 777 1301 semita
799 1241 900 1302 servet.
923 1282 931 1301 .
954 1283 962 1300 .

78 1327 144 1405 quis
165 1324 218 1387 tibi
242 1334 320 1400 tum,
345 1326 433 1399 Dido,
457 1325 592 1386 cernenti
614 1324 681 1385 taba
703 1343 824 1399 sensus,

78 1429 187 1490 quosve
209 1410 298 1472 dabas
320 1410 460 1489 gemitus,
484 1427 550 1470 oum
573 1409 659 1470 litora
680 1411 793 1472 fervere
814 1410 873 1471 late

77 1495 264 1575 prospiceres
286 1513 353 1556 arce
376 1513 412 1556 ex
433 1512 547 1556 summa
568 1502 723 1574 totumque
745 1495 860 1557 videres

77 1580 194 1642 misceri
217 1589 286 1641 ante
308 1580 410 1642 oculos
432 1580 521 1641 tantis
543 1578 721 1642 elamoribus
743 1581 870 1660 aequori

77 1664 211 1745 improbe
233 1667 339 1739 Amor,
363 1665 433 1744 quid
457 1684 517 1726 non
542 1664 674 1726 mortalia
697 1674 818 1744 pectora
840 1667 937 1744 cogisl

77 1750 120 1812 ire
142 1750 248 1811 iterum
273 1750 302 1812 in
326 1750 473 1822 lacrimas,
497 1749 601 1810 iterum
624 1759 768 1830 temptare
789 1752 940 1830 precando

77 1835 194 1916 cogitur
216 1845 245 1898 et
267 1837 392 1916 supplex
414 1835 529 1896 animos
550 1834 724 1896 submittere
746 1836 853 1909 amori,

78 1940 116 1983 nc
140 1920 208 2001 quid
231 1921 418 2001 inexpertum
441 1922 549 1982 frustra
571 1920 712 1981 moritura
735 1921 893 2003 relinquat.

159 1998 275 2081 ‘Anna,
298 2005 377 2069 vides
399 2016 462 2068 toto
485 2004 638 2085 properari
659 2005 763 2079 litore3
786 2006 897 2067 circum

76 2092 209 2172 undique
231 2111 414 2167 convenero3
436 2100 521 2152 vocat
543 2090 599 2151 iam
623 2089 761 2152 carbasus
782 2109 883 2166 auras,

76 2177 226 2257 puppibus
249 2187 277 2239 ct
298 2178 366 2238 laeti
389 2186 495 2239 nautae
517 2176 684 2255 imposuere
706 2194 843 2238 coronas.

75 2262 156 2324 hunc
179 2280 234 2342 ego
257 2263 281 2323 si
303 2262 386 2341 potui
409 2270 524 2322 tantum
546 2278 666 2340 sperare
688 2261 836 2335 dolorem,

76 2356 105 2408 et
128 2348 276 2426 perterre,
299 2363 401 2419 soror,
424 2356 539 2424 potero.
584 2346 708 2407 miserae
730 2346 788 2406 hoc
809 2355 907 2408 tamen
932 2363 1024 2406 unum

77 2448 253 2509 exsequere,
277 2429 378 2503 Anna,
408 2429 497 2504 mibi;
519 2429 611 2490 solam
635 2448 702 2491 nam
724 2431 855 2510 perfidus
876 2432 924 2493 ille

76 2522 104 2576 te
127 2514 241 2587 colere,
265 2532 389 2576 arcanos
411 2514 498 2574 ctiam
522 2514 574 2575 tibi
598 2515 718 2577 credere
740 2533 862 2592 sensus3

75 2599 137 2661 sola
160 2598 213 2659 viri
236 2598 331 2661 mollis
354 2598 448 2660 aditus
471 2608 501 2660 et
522 2605 656 2679 tempora
680 2618 779 2662 noras.

75 2685 100 2757 i,
123 2702 224 2758 soror,
247 2693 335 2763 atque
358 2685 472 2746 hostem
496 2685 621 2764 supplex
643 2685 742 2746 adfare
764 2685 935 2764 superbum.

76 2787 137 2830 non
161 2787 215 2849 ego
239 2788 305 2831 cum
330 2770 436 2832 Danais
459 2769 616 2832 Troianam
639 2771 811 2831 exscindere
833 2779 952 2850 gentem

76 2853 179 2916 Aulide
202 2855 293 2917 iuravi
317 2856 474 2918 classemve
496 2856 531 2916 ad
555 2856 694 2933 Pergama
717 2855 799 2927 misi,

77 2958 132 3001 nec
155 2940 246 3019 patris
268 2941 413 3004 Anchisae
436 2941 566 3003 cinerem
591 2940 720 3004 manisve
742 2939 851 3001 revelli.

76 3043 128 3085 cur
151 3043 214 3085 mea
238 3025 314 3086 dicta
336 3035 425 3106 negat
446 3028 536 3087 duras
558 3026 710 3087 demittere
732 3025 763 3086 in
787 3021 887 3085 auris?

77 3127 135 3188 quo
159 3107 239 3170 ruiti
263 3118 426 3171 extremum
449 3111 506 3171 boc
529 3111 652 3173 miserae
675 3110 724 3172 det
746 3128 855 3171 munus
877 3109 1001 3170 amanti:

76 3203 226 3274 exspectet
248 3194 422 3274 facilemque
444 3196 544 3275 lugam
566 3205 730 3275 ventosque
753 3194 886 3255 serentis.

75 3297 136 3339 non
161 3278 216 3338 iam
240 3279 411 3358 coniugium
435 3280 605 3358 antiquum,
630 3281 708 3360 quod
731 3278 874 3360 prodidit,
898 3296 969 3351 oro,

76 3382 132 3425 nec
155 3363 279 3443 pulchro
303 3373 335 3424 ut
356 3363 440 3425 Latio
464 3373 562 3425 careat
584 3383 769 3444 regnumque
792 3365 955 3442 relinquat3

74 3458 191 3528 tempus
214 3448 303 3510 inane
326 3460 409 3528 peto,
432 3448 564 3528 requiem
587 3451 772 3528 spatiumque
793 3450 903 3523 furori,

75 3534 144 3596 dum
168 3552 232 3595 ntea
256 3553 302 3596 me
325 3534 429 3595 victam
452 3534 557 3595 doceat
579 3535 697 3596 fortuna
720 3535 829 3596 dolere.

71 3677 282 3693 *a

161 3757 210 3806 415
229 3755 247 3806 i.
267 3753 383 3816 (frustra
401 3753 563 3814 monituroil
582 3753 628 3805 rel.
648 3752 694 3805 Kx.
716 3756 788 3815 1881,
808 3755 862 3805 117.
934 3753 983 3804 416
1003 3750 1066 3802 Serv

93 3824 134 3870 ost
146 3823 255 3887 circum,
269 3837 319 3873 non
334 3827 400 3873 ante.
471 3822 521 3874 418
534 3820 641 3887 improb.
656 3820 731 3873 Prob.
745 3837 757 3872 a
778 3820 867 3871 .Serv.
881 3820 915 3886 pl.
986 3821 1035 3871 411
1051 3835 1064 3868 o

74 3833 132 3935 dna
151 3893 251 3952 praeter
269 3888 303 3952 bl,
322 3903 372 3939 rec.
390 3887 465 3940 Ribb.
553 3890 602 3940 428
621 3894 700 3952 nogat
717 3837 788 3937 M²d¹
807 3886 848 3950 (cl.
868 3887 938 3940 Serv.
958 3887 1003 3954 pl.)
1021 3886 1066 3937 Rib
