2286 4394
149 206 210 267 172
525 206 553 260 Ρ.
567 205 693 260 vendut
709 206 857 264 nasonis

149 382 178 441 in
203 379 300 440 medio
322 377 475 456 chlamyde
499 387 528 439 et
549 378 636 458 pictis
659 390 838 459 conspectus
860 381 893 442 in
916 382 1026 459 armis,

150 463 243 544 qualis
265 461 316 524 ubi
341 462 451 524 Oceani
475 464 612 542 perfusus
634 463 754 525 Lucifer
775 465 875 538 unda,

149 568 237 628 quem
261 547 361 610 Venus
381 557 450 608 ante
473 546 545 609 alios
567 558 714 609 astrorum
736 548 838 629 diligit'
852 550 949 630 ignia,

149 633 253 696 extulit
275 651 307 694 os
329 649 446 694 sacrum
469 632 550 693 caelo
572 631 771 712 tenebrasque
793 634 924 696 resolvit.

149 728 228 780 stant
249 716 369 798 pavidae
391 717 421 777 in
445 716 538 778 muris
558 727 667 779 matres
689 715 842 798 oculisque
856 731 1037 800 'sequuntur

149 803 316 883 pulveream
340 802 448 863 nubem
471 811 500 862 et
522 802 662 881 fulgentis
683 820 751 864 aere
772 811 912 866 catervas.

152 889 202 950 olli
224 906 278 968 per
300 887 419 960 dumos,
443 903 499 963 qua
522 887 655 966 proxima
677 896 754 949 meta
776 889 906 965 viarum,

151 974 253 1035 armati
276 972 417 1046 tendunt;
447 970 470 1032 it
491 971 603 1033 clamor
623 981 655 1046 et
675 973 792 1052 agmine
815 974 894 1035 facto

152 1056 394 1138 quadrupedante
415 1065 532 1135 putrem
554 1057 654 1118 sonitu
678 1057 771 1137 quatit
793 1053 904 1138 ungula
928 1077 1074 1140 campum.

153 1155 198 1206 est
218 1144 325 1224 ingens
346 1141 474 1220 gelidum
497 1140 582 1204 lucus
603 1160 698 1222 prope
721 1141 842 1204 Caeritis
863 1161 1000 1218 amnem,

154 1229 296 1307 religione
318 1238 436 1307 patrum
457 1225 514 1287 late
536 1243 635 1302 sacer3
664 1227 797 1306 undique
819 1223 910 1291 colles

154 1313 300 1374 inclusere
323 1310 384 1372 cavi
407 1319 436 1371 et
457 1311 541 1390 nigra
563 1329 670 1374 nemus
691 1310 787 1373 abiete
808 1310 949 1393 cingunt3

154 1397 270 1458 Silvano
293 1397 369 1456 fama
391 1403 436 1456 est
457 1405 570 1458 veteres
591 1414 722 1458 sacrasse
744 1396 898 1476 Pelasgos,

154 1499 289 1542 arvorum
312 1480 488 1560 pecorisque
512 1480 583 1557 deo,
606 1481 766 1560 lucumque
787 1481 940 1561 diemque,

156 1566 206 1644 qui
228 1565 316 1646 primi
337 1564 405 1626 finis
427 1565 585 1642 aliquando
607 1565 738 1628 habuere
761 1566 896 1629 Latinos:

155 1651 231 1712 haud
253 1650 359 1730 procul
380 1649 451 1711 hinc
473 1650 588 1713 'l'archo
611 1659 641 1712 et
662 1650 808 1732 Tyrrheni
829 1660 892 1713 tuta
914 1652 1060 1715 tenebant

156 1745 249 1797 castra
270 1734 357 1810 locis,
381 1734 520 1813 celsoque
542 1735 640 1798 omnis
661 1734 697 1796 de
718 1734 793 1798 colle
813 1735 905 1797 videri

157 1821 213 1883 iam
235 1828 351 1901 poterat
372 1820 448 1900 legio
472 1820 588 1882 stlatis
609 1820 749 1882 tendebat
769 1821 800 1881 in
823 1821 908 1883 arsis.

157 1908 216 1968 huc
236 1915 320 1987 pater
342 1907 456 1967 Aeneas
477 1913 508 1966 et
529 1905 606 1966 bello
628 1904 704 1967 lecta
726 1905 863 1968 iuventus

157 1991 320 2053 succedunt
340 1990 470 2070 fessique
493 2000 523 2052 et
543 2009 637 2069 equos
658 1999 688 2051 et
709 1999 835 2070 corpora
856 2001 973 2052 curant.

244 2077 280 2136 At
302 2075 402 2137 Venus
423 2075 570 2138 aetherios
592 2076 670 2137 inter
691 2074 745 2136 dea
767 2073 890 2136 candida
912 2075 1031 2137 nimbos

158 2162 235 2223 dona
257 2163 357 2222 ferens
378 2161 478 2222 aderat
500 2169 661 2239 natumque
682 2159 712 2220 in
735 2159 809 2221 valle
830 2159 952 2222 reducta

160 2256 192 2309 ut
213 2246 318 2326 procul
341 2245 455 2325 egelido
478 2255 626 2308 secretum
647 2244 769 2307 flumine
791 2243 877 2318 vidit,

160 2331 266 2393 talibus
289 2329 382 2392 adfata
405 2340 449 2392 est
472 2331 557 2392 dictis
578 2349 669 2409 seque
691 2329 797 2390 obtulit
818 2330 911 2390 ultro:

156 2410 207 2477 ‘en
231 2416 361 2495 perfecta
384 2416 441 2476 mei
464 2416 608 2495 promissa
629 2413 764 2494 coniugis
787 2424 848 2474 arte

160 2518 298 2572 munera,
322 2519 361 2560 ne
383 2518 450 2560 mox
473 2508 524 2560 aut
544 2500 718 2575 Laurentis,
741 2508 823 2574 nate,
846 2500 992 2578 superbos

160 2594 210 2646 aut
232 2602 329 2645 acrem
352 2582 468 2646 dubites
490 2585 521 2645 in
545 2585 657 2664 proelia
679 2602 804 2665 poscere
826 2575 979 2645 'furnum’

161 2669 231 2730 dixit
254 2680 283 2731 et
305 2669 456 2749 amplexus
478 2669 540 2731 nati
564 2669 705 2750 Cytherea
727 2669 843 2748 petivit,

161 2773 241 2816 arma
263 2755 318 2817 sub
341 2754 459 2816 adversa
481 2755 581 2835 posuit
602 2755 742 2815 radiantia
766 2772 888 2833 quercu.

162 2841 210 2902 ille
232 2841 303 2903 deae
326 2839 412 2902 donis
435 2848 464 2902 et
485 2850 567 2902 tanto
589 2840 682 2902 laetus
704 2839 818 2899 honore

162 2927 273 3007 expleri
298 2926 401 3005 nequit
422 2937 510 3006 atque
534 2925 635 2987 oculos
657 2944 712 3005 per
733 2922 849 3001 singula
871 2922 959 2984 volvit

161 3012 344 3089 miraturque
367 3011 503 3091 interque
525 3029 631 3072 manus
653 3022 682 3071 et
703 3007 840 3070 bracchia
861 3016 958 3069 versat

160 3096 324 3157 terribilem
347 3096 443 3158 cristis
465 3096 576 3174 galeam
599 3096 789 3173 flammasque
811 3101 976 3154 vomentem

163 3181 370 3257 fatiferumque
393 3199 512 3254 ensem,
534 3180 655 3240 loricam
678 3197 713 3240 ex
735 3198 803 3240 aere
825 3177 988 3258 rigentem,

163 3265 370 3344 sanguineam,
393 3265 560 3344 ingentem,
583 3264 676 3344 qualis
699 3283 766 3326 cum
788 3263 904 3324 caerula
926 3262 1022 3322 nubes

163 3351 233 3412 solis
254 3348 413 3412 inardescit
433 3349 521 3411 radiis
543 3348 691 3428 longeque
713 3348 854 3427 refulget;

164 3446 228 3496 turn
250 3435 320 3496 levis
342 3454 442 3497 ocreas
465 3435 573 3496 electro
596 3452 727 3511 auroque
750 3442 870 3495 recocto

165 3521 336 3597 hastamque
360 3529 389 3580 et
411 3520 496 3599 clipei
520 3538 580 3580 non
605 3517 768 3579 enarrabile
789 3526 911 3579 textum.

250 3605 311 3666 lllic
334 3622 381 3690 res
404 3603 489 3665 ltalas
511 3604 772 3681 Romanorumque
795 3601 975 3681 triumphos,

165 3690 241 3750 haud
263 3697 361 3750 vatum
384 3688 505 3767 ignarus
526 3689 701 3765 venturique
724 3686 835 3749 inscius
857 3687 934 3760 aevi,

252 3874 301 3923 bill
320 3868 590 3938 ιεὶςοίιίἰοΜῬΒγὶ)1
660 3872 709 3924 620
728 3874 873 3922 minantem
887 3867 1020 3941 Py¹Ribb
1085 3869 1133 3918 627
