2286 4394
471 246 632 300 asquinus
650 246 708 300 LlB.
727 249 744 301 l.

96 415 139 478 iam
158 420 273 481 validam
295 419 399 481 Ilionei
421 438 542 493 navem,
565 421 622 481 iam
643 421 728 482 sortis
750 420 891 496 Achatae,

94 510 115 563 ct
133 524 182 584 qua
202 514 302 567 vectus
323 505 417 580 Abas,
440 514 549 584 etqua
570 506 752 585 grandaevus
774 506 886 581 Aletes,

89 588 144 651 vicit
163 590 267 666 hiems;
291 590 363 652 laxis
385 591 509 652 laterum
532 591 724 670 compagibus
745 610 850 653 omnes

86 675 219 756 accipiunt
240 676 394 738 inimicum
415 677 541 737 imbrem
563 676 703 756 rimisque
726 677 874 738 fatiscunt.

155 761 271 822 lnterea
294 779 402 840 magno
424 762 541 822 misceri
564 779 716 824 murmure
738 773 865 840 pontum

80 846 263 925 emissamque
286 847 414 907 hiemem
435 847 528 908 sensit
549 846 705 926 Neptunus
727 854 757 906 et
778 847 845 908 imis

74 941 169 1012 stagna
191 933 291 993 refusa
314 932 393 993 vadis
415 932 542 1012 graviter
564 941 745 1006 commotus,
769 941 798 992 et
819 932 876 993 alto

71 1017 254 1098 prospiciens
277 1034 391 1079 summa
412 1017 561 1098 placidum
584 1025 674 1097 caput
696 1016 799 1077 extuht
820 1017 908 1078 unda.

70 1102 217 1164 disiectam
241 1102 357 1164 Aeneae
378 1111 441 1164 toto
463 1102 541 1164 videt
562 1121 691 1182 aequore
716 1102 853 1176 classem,

66 1187 206 1249 fluctibus
229 1207 388 1268 oppressos
410 1188 504 1250 Troas
526 1188 657 1267 caelique
680 1188 775 1248 ruina.

67 1292 123 1334 nec
145 1273 260 1334 latuere
283 1272 342 1333 doli
364 1275 484 1334 fratrem
507 1273 631 1334 lunonis
653 1284 683 1334 et
703 1274 773 1333 irae.

64 1358 181 1419 Eurum
203 1359 240 1418 ad
262 1377 295 1420 se
317 1357 542 1438 Zephyrumque
564 1369 665 1431 vocat,
688 1358 795 1419 dehinc
818 1358 885 1419 talia
908 1359 999 1419 latur:

60 1437 199 1504 ‘tantane
221 1462 274 1504 ros
296 1444 414 1522 generis
436 1443 532 1505 tenuit
553 1444 659 1505 fiducia
681 1441 793 1505 vestri?

63 1529 123 1589 iam
146 1528 263 1590 caelum
285 1536 454 1607 terramque
474 1546 540 1589 meo
564 1528 628 1591 sine
651 1528 790 1603 numine,
812 1530 907 1602 venti,

62 1615 191 1675 miscere
213 1622 244 1674 et
265 1622 363 1675 tantas
385 1614 498 1675 audetis
520 1613 623 1675 tollere
644 1611 758 1675 moles?

62 1719 141 1779 quos
163 1718 219 1778 ego
243 1699 300 1760 —l
323 1699 374 1761 sed
398 1707 495 1760 motos
516 1708 645 1779 praestat
667 1717 849 1778 componere
872 1699 992 1772 fluctus;

61 1792 134 1864 post
155 1783 227 1845 mihi
252 1802 312 1844 non
336 1785 422 1845 simili
444 1802 542 1863 poena
567 1785 721 1846 commissa
743 1784 839 1847 luetis.

61 1877 209 1930 maturate
232 1869 332 1947 lugam
353 1869 476 1948 regique
498 1870 571 1930 haec
593 1869 679 1931 dicite
701 1879 815 1930 vestro:

63 1973 128 2015 non
152 1953 193 2014 illi
216 1954 373 2033 imperium
394 1954 491 2034 pelagi
514 1972 690 2032 saevumque
712 1954 886 2027 tridentem,

64 2039 117 2101 sed
141 2039 211 2099 mihi
236 2047 315 2100 sorte
338 2041 448 2100 datum.
492 2047 574 2101 tenet
596 2039 644 2099 ille
666 2039 806 2100 immania
829 2056 911 2112 saxa,

63 2133 192 2198 vestras,
214 2123 311 2198 Eure,
334 2125 455 2198 domos;
478 2124 525 2185 illa
547 2143 579 2186 se
602 2125 691 2185 iactet
712 2125 741 2184 in
767 2125 832 2184 aula

63 2209 174 2270 Aeolus
197 2217 226 2270 et
249 2209 348 2271 clauso
370 2217 527 2270 ventorum
550 2228 669 2271 carcere
692 2205 815 2289 regnet?

151 2293 200 2355 Sic
223 2294 263 2355 ait
285 2303 314 2355 et
335 2295 413 2356 dicto
437 2294 523 2357 citius
545 2295 656 2356 tumida
677 2312 806 2374 aequora
829 2294 925 2375 placat

62 2379 264 2457 collectasque
286 2381 369 2458 sugat
390 2380 487 2441 nubes
509 2380 662 2458 solemque
683 2380 807 2442 reducit.

63 2464 227 2544 Cymothoe
247 2464 334 2526 simul
357 2473 386 2526 et
409 2465 512 2527 Triton
536 2465 660 2527 adnixus
682 2476 768 2527 acuto

63 2550 227 2611 detrudunt
250 2551 331 2612 navis
354 2551 494 2630 scopulo;
517 2550 592 2611 levat
613 2551 677 2630 ipse
699 2550 818 2611 tridenti

63 2645 93 2696 et
115 2642 210 2696 vastas
232 2635 325 2714 aperit
347 2635 435 2716 syrtis
457 2645 487 2697 et
508 2644 653 2714 temperat
674 2653 786 2714 aequor

62 2729 151 2799 atque
174 2720 248 2782 rotis
270 2739 398 2782 summas
419 2721 532 2782 levibus
553 2720 715 2800 perlabitur
736 2721 840 2782 undas.

63 2824 96 2866 ac
119 2805 210 2866 veluti
232 2824 340 2886 magno
364 2807 394 2866 in
418 2806 529 2887 populo
552 2825 622 2867 cum
643 2825 731 2888 saepe
755 2813 856 2866 coorta
879 2813 922 2866 est

62 2889 166 2951 seditio
190 2891 340 2970 saevitque
363 2890 468 2953 animis
490 2891 621 2971 ignobile
646 2892 762 2970 volgus3

63 2975 179 3053 iamque
201 2976 281 3038 faces
303 2984 333 3036 et
354 2994 422 3038 saxa
445 2976 551 3048 volant,
575 2978 659 3039 luror
680 2994 759 3037 arma
782 2975 943 3049 ministrat;

62 3068 140 3133 tum,
162 3059 272 3139 pietate
294 3079 411 3141 gravem
434 3080 468 3122 ac
490 3062 604 3123 meritis
625 3063 650 3124 si
672 3063 747 3123 forte
770 3061 863 3121 virum
887 3076 976 3137 quem

62 3163 262 3224 conspexere,
284 3147 373 3208 silent
394 3148 575 3226 arrectisque
598 3148 719 3209 auribus
741 3147 855 3208 adstant
862 3163 871 3220 ;

62 3229 110 3290 ille
132 3230 209 3309 regit
231 3230 315 3292 dictis
338 3232 452 3293 animos
473 3241 503 3293 et
523 3242 644 3312 pectora
666 3232 790 3293 mulcet:

61 3315 103 3376 sic
128 3323 255 3377 cunctus
276 3316 372 3396 pelagi
393 3316 500 3378 cecidit
521 3317 636 3396 fragor,
659 3335 785 3396 aequora
808 3324 965 3394 postquam

59 3400 249 3480 prospiciens
270 3401 389 3479 genitor
411 3402 551 3481 caeloque
574 3403 707 3464 invectus
729 3408 832 3481 aperto

59 3485 153 3546 flectit
175 3504 269 3564 equos
292 3503 441 3566 curruque
462 3487 564 3549 volans
586 3488 635 3548 dat
655 3487 719 3548 lora
741 3485 881 3549 secundo.

145 3570 259 3632 Defessi
281 3571 450 3645 Aeneadae,
473 3591 549 3651 quae
570 3573 704 3652 proxima
726 3573 827 3645 litora,
850 3587 939 3631 cursu

59 3656 251 3718 contendunt
272 3665 375 3737 petere
399 3667 428 3718 et
449 3657 558 3738 Libyae
580 3667 737 3720 vertuntur
759 3658 795 3718 ad
819 3673 894 3716 oras.

147 3859 196 3911 120
215 3858 315 3908 Achati
332 3855 397 3909 Plin.
416 3871 457 3924 ap.
472 3857 566 3910 Charis.
585 3857 595 3909 l
616 3861 671 3911 132.
691 3856 765 3910 Ribb.
837 3855 884 3905 135
903 3869 948 3904 eos
966 3868 1015 3918 ego
1034 3851 1137 3906 Schrad.

56 3924 120 3979 obs.
139 3927 175 3978 54
194 3930 220 3977 et
238 3923 293 3977 Em.
311 3924 348 3977 u.
437 3927 484 3979 148
503 3942 601 3992 magna
619 3944 640 3977 π
