2286 4394
265 240 426 294 Autumnus
447 242 506 296 ΗΒ.
525 242 567 296 lX.

38 431 76 472 un
99 431 151 473 ren
172 412 287 475 stabula
309 414 364 474 alta
387 414 510 476 Latinus
531 416 684 492 habebat),

38 506 61 559 ct
81 499 192 560 frustra
214 498 367 560 absentem
389 500 519 580 respexit
540 501 684 563 amicum:

39 583 157 656 infelix,
180 601 238 662 qua
260 593 290 646 te
311 585 433 664 regione
456 584 586 664 reliquii
909 601 953 652 tto

38 687 97 746 [uar
118 687 220 731 rursus
242 669 413 750 perplexum
435 670 493 731 iter
515 688 604 732 omne
626 673 779 735 revolvens

38 748 131 814 lvae‘l'
155 754 243 816 simul
266 763 295 816 et
315 755 436 835 vestigia
457 765 538 817 retro
577 770 589 791 ⁸

48 839 119 918 legit
139 840 295 919 dumisque
316 840 473 902 silentibus
495 850 583 902 errat.

38 942 85 997 os,
108 924 188 985 audit
209 925 352 1004 strepitus
375 934 404 987 et
426 926 509 1006 signa
532 935 720 1006 sequentum.

42 1009 165 1087 longum
187 1010 217 1071 in
242 1010 338 1071 medio
361 1019 494 1091 tempus,
518 1030 586 1072 cnm
609 1011 720 1074 clamor
741 1013 776 1074 ad
799 1013 877 1075 auris
908 1023 951 1075 tto

38 1112 65 1154 uc
88 1094 165 1155 videt
186 1093 364 1175 Euryalum,
388 1114 477 1175 quem
500 1096 558 1157 iam
579 1114 685 1158 manus
708 1099 825 1160 omnis·

38 1179 54 1238 :i
78 1187 107 1239 et
128 1181 225 1241 noctis
246 1179 345 1243 subito
366 1181 507 1242 turbante
529 1182 657 1244 tumultu

38 1283 50 1323 n
72 1265 148 1344 rapit
171 1273 200 1325 et
221 1274 381 1327 conantem
404 1267 530 1346 plurima
552 1268 670 1328 trustra.

41 1347 74 1409 t?
98 1349 204 1428 quavi
227 1350 378 1424 invenem,
401 1351 509 1430 quibus
532 1353 637 1413 audeat
658 1354 747 1415 armis

37 1453 69 1494 tn
93 1453 156 1496 sese
178 1435 291 1497 medios
314 1436 475 1498 moriturus
497 1437 527 1498 in
551 1439 650 1500 hostes
908 1450 951 1500 tto

51 1520 205 1598 pulchram
228 1531 369 1600 properet
390 1539 446 1601 per
467 1522 586 1583 volnera
609 1521 754 1585 mortem?

37 1613 103 1665 ueto
124 1613 270 1684 torquens
291 1606 393 1668 hastile
416 1607 526 1668 lacerto

37 1730 39 1742 .
62 1690 149 1751 altam
171 1690 286 1752 Lunam
310 1693 352 1752 sic
374 1709 446 1752 voce
467 1701 620 1772 precatur:

48 1783 79 1836 tu
103 1793 245 1854 praesens
268 1785 371 1838 nostro
393 1794 534 1838 succurre
557 1776 662 1848 labori,

42 1860 132 1921 decus
155 1869 185 1921 et
207 1879 363 1922 nemorum
385 1861 510 1922 Latonia
533 1862 647 1922 custosl

37 1944 58 2005 is
80 1963 219 2024 umquam
242 1965 297 2026 pro
319 1963 366 2006 me
387 1955 473 2025 pater
495 1946 640 2026 Hyrtacus
662 1946 719 2007 aris

44 2076 51 2101 ‚
75 2031 98 2090 si
122 2048 179 2109 qua
201 2031 264 2110 ipse
286 2031 359 2093 meis
380 2031 536 2092 venatibus
557 2031 624 2092 auxi

37 2134 49 2175 e
70 2115 152 2176 tholo
181 2124 232 2177 aut
253 2134 334 2178 sacra
357 2116 393 2177 ad
416 2116 531 2195 fastigia
553 2115 619 2189 bxi,

37 2228 39 2254 ι
62 2219 108 2261 me
129 2201 251 2262 turbare
272 2201 393 2281 globum
416 2209 446 2262 et
467 2219 539 2279 rege
560 2201 616 2261 tela
638 2219 692 2280 per
714 2189 832 2262 aurasl''

56 2295 119 2346 toto
143 2287 268 2348 conixus
290 2304 417 2367 corpore
439 2288 550 2347 serrum
906 2293 950 2345 lto

36 2371 116 2432 hasta
138 2371 240 2433 volans
262 2372 360 2433 noctis
381 2372 547 2433 diverberat
568 2369 690 2432 umbras

37 2457 116 2518 nersi
138 2457 169 2517 in
192 2464 309 2535 tergum
332 2456 482 2519 Sulmonis
503 2456 605 2536 ibique

41 2560 74 2602 ac
96 2542 166 2602 fisso
188 2542 296 2603 transit
317 2543 491 2622 praecordia
513 2543 604 2622 ligno.

40 2627 66 2686 le
88 2645 211 2688 vomens
233 2627 359 2689 calidum
382 2628 418 2688 de
441 2637 562 2708 pectore
583 2628 692 2688 flumen

37 2721 46 2771 t
67 2711 165 2790 longis
186 2711 366 2792 singultibus
387 2713 435 2774 ilia
457 2713 563 2793 pulsat.

37 2797 252 2876 *cumspiciunt
296 2798 354 2857 boc
376 2797 589 2870 assimilem,

37 2882 55 2941 d
77 2899 192 2943 summa
213 2881 305 2943 telum
327 2882 452 2942 librabat
473 2881 509 2941 ab
532 2900 612 2942 aure.

36 2967 127 3036 :dant
150 2969 172 3027 it
194 2967 276 3028 hasta
298 2967 378 3047 'l'ago
399 2986 453 3047 per
474 2975 593 3046 tempus
615 2975 774 3043 utrumque

36 3052 203 3130 raiectoque
224 3052 319 3113 haesit
339 3053 484 3132 tepefacta
507 3051 639 3113 cerebro.

36 3138 54 3197 it
76 3144 160 3197 atrox
184 3137 310 3198 Volcens
332 3156 388 3198 nec
411 3137 459 3197 teli
482 3137 628 3218 conspicit
648 3152 774 3215 usquam
905 3145 948 3198 tto

45 3239 101 3282 nec
124 3240 184 3299 quo
206 3241 238 3282 se
261 3222 368 3284 ardens
389 3223 547 3284 immittere
568 3223 671 3302 possit.

50 3376 130 3439 atque
142 3371 214 3423 locos
232 3378 281 3423 eet.
295 3371 350 3423 cod.
363 3371 450 3430 Ribb.;
469 3371 492 3423 is
506 3377 590 3424 tamm
609 3388 632 3423 r.
646 3371 723 3438 stult
735 3372 762 3423 in
774 3371 945 3436 suspicionem

49 3441 99 3493 388
112 3438 204 3492 llollm.
219 3443 258 3492 ll.
294 3442 373 3504 atque
391 3439 456 3490 loeis
469 3477 496 3491 ..
513 3445 545 3489 ut
561 3443 635 3490 stetit
646 3438 736 3491 Geertz
755 3454 795 3505 ap.
807 3437 892 3490 Madv.
905 3440 947 3491 34.

42 3508 69 3557 a¹
105 3523 192 3572 quoe
210 3506 246 3556 V¹
291 3506 453 3559 resolueslll¹
522 3503 947 3572 lobinemarPScrvplilibb.

42 3575 79 3625 ad
93 3576 198 3626 Lunam
216 3573 238 3624 R
273 3575 366 3636 altum,
384 3575 489 3625 Lunam
507 3573 574 3638 berg
591 3573 661 3625 llud.
681 3579 743 3625 aest.
762 3572 817 3627 llal.
837 3574 910 3636 1880,
924 3574 947 3634 8,

36 3648 56 3692 ἔα
76 3681 82 3694 .
100 3681 107 3694 .
125 3659 188 3693 voce
206 3642 325 3694 Hiberlin
345 3643 412 3694 PbA.
433 3644 506 3705 1887,
525 3643 583 3694 801.
686 3646 745 3705 post
767 3641 872 3691 Lunam
889 3639 948 3690 libri

38 3710 107 3778 quod
127 3718 155 3762 ut
174 3719 283 3773 tucatur,
302 3726 325 3761 v.
345 3713 394 3764 402
414 3713 571 3775 torquetque
589 3722 661 3775 prop.
674 3707 766 3774 Wagn.
785 3706 834 3759 tv,
853 3711 883 3758 51
904 3706 947 3769 (cl.

36 3782 129 3844 ,54θ);
153 3779 271 3831 similiter
287 3777 362 3830 Ribb.
381 3777 457 3830 scribi
482 3790 559 3843 posse
582 3783 656 3843 porat
679 3780 793 3841 torquet.
845 3790 878 3826 an
895 3777 945 3829 403

36 3853 55 3897 tt
73 3849 157 3899 altam
167 3847 268 3897 lunum
285 3851 311 3896 et
327 3864 347 3897 a.
360 3863 384 3899 o.
394 3849 455 3911 pte?
516 3845 567 3897 412
585 3844 691 3895 adami
706 3844 763 3894 libri
775 3858 813 3911 pr.
826 3841 946 3897 flectent.

36 3953 39 3967 .
127 3918 177 3968 416
196 3917 288 3966 acrites
305 3913 405 3983 M²P²y¹
492 3914 540 3966 418
558 3915 589 3975 it]
607 3916 642 3962 iit
659 3911 697 3983 Py
