<?xml version="1.0" encoding="UTF-8"?>
<!DOCTYPE html PUBLIC "-//W3C//DTD XHTML 1.0 Transitional//EN"
    "http://www.w3.org/TR/xhtml1/DTD/xhtml1-transitional.dtd">
<html xmlns="http://www.w3.org/1999/xhtml" xml:lang="en" lang="en">
 <head>
  <title>
</title>
<meta http-equiv="Content-Type" content="text/html;charset=utf-8" />
  <meta name='ocr-system' content='tesseract 3.04.00' />
  <meta name='ocr-capabilities' content='ocr_page ocr_carea ocr_par ocr_line ocrx_word'/>
</head>
<body>
  <div class='ocr_page' id='page_1' title='image "./pvergilimaronis08virggoog/pvergilimaronis08virggoog_0116.png"; bbox 0 0 2474 4388; ppageno 0'>
   <div class='ocr_carea' id='block_1_1' title="bbox 441 114 723 175">
    <p class='ocr_par' dir='ltr' id='par_1_1' title="bbox 441 114 723 175">
     <span class='ocr_line' id='line_1_1' title="bbox 441 114 723 175; baseline 0.014 -7"><span class='ocrx_word' id='word_1_1' title='bbox 441 114 603 171; x_wconf 75' lang='lat' dir='ltr'>acuamus</span> <span class='ocrx_word' id='word_1_2' title='bbox 620 117 679 175; x_wconf 78' lang='lat' dir='ltr'>utu.</span> <span class='ocrx_word' id='word_1_3' title='bbox 694 118 723 173; x_wconf 84' lang='lat' dir='ltr'>V.</span> 
     </span>
    </p>
   </div>
   <div class='ocr_carea' id='block_1_2' title="bbox 8 282 956 3597">
    <p class='ocr_par' dir='ltr' id='par_1_2' title="bbox 8 282 893 880">
     <span class='ocr_line' id='line_1_2' title="bbox 8 282 870 368; baseline 0.013 -25"><span class='ocrx_word' id='word_1_4' title='bbox 8 348 12 363; x_wconf 52' lang='grc'><strong>,</strong></span> <span class='ocrx_word' id='word_1_5' title='bbox 50 282 115 358; x_wconf 91' lang='lat' dir='ltr'>ille,</span> <span class='ocrx_word' id='word_1_6' title='bbox 139 284 219 346; x_wconf 84' lang='lat' dir='ltr'>velut</span> <span class='ocrx_word' id='word_1_7' title='bbox 240 282 346 346; x_wconf 87' lang='lat' dir='ltr'>celsam</span> <span class='ocrx_word' id='word_1_8' title='bbox 371 297 524 368; x_wconf 83' lang='lat' dir='ltr'><strong>oppugnat</strong></span> <span class='ocrx_word' id='word_1_9' title='bbox 544 290 594 368; x_wconf 96' lang='lat' dir='ltr'>qui</span> <span class='ocrx_word' id='word_1_10' title='bbox 618 289 744 353; x_wconf 95' lang='lat' dir='ltr'>molibus</span> <span class='ocrx_word' id='word_1_11' title='bbox 766 291 870 354; x_wconf 88' lang='lat' dir='ltr'>urbem</span> 
     </span>
     <span class='ocr_line' id='line_1_3' title="bbox 51 370 846 452; baseline 0.013 -23"><span class='ocrx_word' id='word_1_12' title='bbox 51 376 102 430; x_wconf 89' lang='lat' dir='ltr'>aut</span> <span class='ocrx_word' id='word_1_13' title='bbox 124 378 267 431; x_wconf 88' lang='lat' dir='ltr'>montana</span> <span class='ocrx_word' id='word_1_14' title='bbox 288 370 370 431; x_wconf 89' lang='lat' dir='ltr'>sedet</span> <span class='ocrx_word' id='word_1_15' title='bbox 391 372 502 434; x_wconf 89' lang='lat' dir='ltr'>circum</span> <span class='ocrx_word' id='word_1_16' title='bbox 526 374 642 436; x_wconf 90' lang='lat' dir='ltr'>castella</span> <span class='ocrx_word' id='word_1_17' title='bbox 665 375 719 438; x_wconf 93' lang='lat' dir='ltr'>sub</span> <span class='ocrx_word' id='word_1_18' title='bbox 742 377 846 452; x_wconf 89' lang='lat' dir='ltr'>armis,</span> 
     </span>
     <span class='ocr_line' id='line_1_4' title="bbox 52 454 893 542; baseline 0.014 -28"><span class='ocrx_word' id='word_1_19' title='bbox 52 472 136 516; x_wconf 93' lang='lat' dir='ltr'>nunc</span> <span class='ocrx_word' id='word_1_20' title='bbox 158 454 227 529; x_wconf 90' lang='lat' dir='ltr'>hos,</span> <span class='ocrx_word' id='word_1_21' title='bbox 250 473 331 516; x_wconf 90' lang='lat' dir='ltr'>nunc</span> <span class='ocrx_word' id='word_1_22' title='bbox 353 455 419 520; x_wconf 91' lang='lat' dir='ltr'>illos</span> <span class='ocrx_word' id='word_1_23' title='bbox 441 458 537 520; x_wconf 92' lang='lat' dir='ltr'>aditus</span> <span class='ocrx_word' id='word_1_24' title='bbox 560 478 738 540; x_wconf 89' lang='lat' dir='ltr'>omnemque</span> <span class='ocrx_word' id='word_1_25' title='bbox 759 476 893 542; x_wconf 77' lang='lat' dir='ltr'>pererrat</span> 
     </span>
     <span class='ocr_line' id='line_1_5' title="bbox 52 539 825 624; baseline 0.012 -24"><span class='ocrx_word' id='word_1_26' title='bbox 52 548 116 600; x_wconf 91' lang='lat' dir='ltr'>arte</span> <span class='ocrx_word' id='word_1_27' title='bbox 138 539 238 600; x_wconf 93' lang='lat' dir='ltr'>locum</span> <span class='ocrx_word' id='word_1_28' title='bbox 259 548 291 601; x_wconf 90' lang='lat' dir='ltr'>et</span> <span class='ocrx_word' id='word_1_29' title='bbox 310 541 397 604; x_wconf 87' lang='lat' dir='ltr'>variis</span> <span class='ocrx_word' id='word_1_30' title='bbox 418 542 580 606; x_wconf 82' lang='lat' dir='ltr'>adsultibus</span> <span class='ocrx_word' id='word_1_31' title='bbox 602 545 709 608; x_wconf 89' lang='lat' dir='ltr'>inritus</span> <span class='ocrx_word' id='word_1_32' title='bbox 731 556 825 624; x_wconf 85' lang='lat' dir='ltr'>urget.</span> 
     </span>
     <span class='ocr_line' id='line_1_6' title="bbox 54 624 806 708; baseline 0.012 -23"><span class='ocrx_word' id='word_1_33' title='bbox 54 624 184 686; x_wconf 86' lang='lat' dir='ltr'><strong>ostendit</strong></span> <span class='ocrx_word' id='word_1_34' title='bbox 206 625 337 686; x_wconf 82' lang='lat' dir='ltr'>dextram</span> <span class='ocrx_word' id='word_1_35' title='bbox 360 626 520 708; x_wconf 81' lang='lat' dir='ltr'>insurgens</span> <span class='ocrx_word' id='word_1_36' title='bbox 541 629 676 693; x_wconf 83' lang='lat' dir='ltr'><strong>Entellus</strong></span> <span class='ocrx_word' id='word_1_37' title='bbox 698 639 727 693; x_wconf 91' lang='lat' dir='ltr'>et</span> <span class='ocrx_word' id='word_1_38' title='bbox 749 631 806 694; x_wconf 90' lang='lat' dir='ltr'>alte</span> 
     </span>
     <span class='ocr_line' id='line_1_7' title="bbox 54 709 820 778; baseline 0.01 -8"><span class='ocrx_word' id='word_1_39' title='bbox 54 709 172 771; x_wconf 85' lang='lat' dir='ltr'>extulit:</span> <span class='ocrx_word' id='word_1_40' title='bbox 195 709 244 771; x_wconf 86' lang='lat' dir='ltr'>ille</span> <span class='ocrx_word' id='word_1_41' title='bbox 264 711 356 775; x_wconf 91' lang='lat' dir='ltr'>ictum</span> <span class='ocrx_word' id='word_1_42' title='bbox 378 713 545 775; x_wconf 84' lang='lat' dir='ltr'>venientem</span> <span class='ocrx_word' id='word_1_43' title='bbox 568 732 585 775; x_wconf 91' lang='lat' dir='ltr'>a</span> <span class='ocrx_word' id='word_1_44' title='bbox 607 716 715 778; x_wconf 85' lang='lat' dir='ltr'>vertice</span> <span class='ocrx_word' id='word_1_45' title='bbox 736 716 820 778; x_wconf 81' lang='lat' dir='ltr'>velox</span> 
     </span>
     <span class='ocr_line' id='line_1_8' title="bbox 55 795 776 880; baseline 0.011 -26"><span class='ocrx_word' id='word_1_46' title='bbox 55 795 197 873; x_wconf 84' lang='lat' dir='ltr'>praeridit</span> <span class='ocrx_word' id='word_1_47' title='bbox 218 796 367 876; x_wconf 92' lang='lat' dir='ltr'>celerique</span> <span class='ocrx_word' id='word_1_48' title='bbox 389 797 505 878; x_wconf 91' lang='lat' dir='ltr'>elapsus</span> <span class='ocrx_word' id='word_1_49' title='bbox 527 817 653 880; x_wconf 89' lang='lat' dir='ltr'>corpore</span> <span class='ocrx_word' id='word_1_50' title='bbox 675 801 776 875; x_wconf 82' lang='lat' dir='ltr'>cessit,</span> 
     </span>
    </p>

    <p class='ocr_par' dir='ltr' id='par_1_3' title="bbox 54 878 753 948">
     <span class='ocr_line' id='line_1_9' title="bbox 54 878 753 948; baseline 0.01 -8"><span class='ocrx_word' id='word_1_51' title='bbox 54 878 191 944; x_wconf 81' lang='lat' dir='ltr'>Entellus</span> <span class='ocrx_word' id='word_1_52' title='bbox 212 882 281 944; x_wconf 88' lang='lat' dir='ltr'>viris</span> <span class='ocrx_word' id='word_1_53' title='bbox 302 881 333 943; x_wconf 93' lang='lat' dir='ltr'>in</span> <span class='ocrx_word' id='word_1_54' title='bbox 356 891 476 945; x_wconf 83' lang='lat' dir='ltr'>ventum</span> <span class='ocrx_word' id='word_1_55' title='bbox 499 884 602 947; x_wconf 82' lang='lat' dir='ltr'>effudit</span> <span class='ocrx_word' id='word_1_56' title='bbox 623 895 652 947; x_wconf 89' lang='lat' dir='ltr'>et</span> <span class='ocrx_word' id='word_1_57' title='bbox 674 886 753 948; x_wconf 93' lang='lat' dir='ltr'>ultro</span> 
     </span>
    </p>

    <p class='ocr_par' dir='ltr' id='par_1_4' title="bbox 55 965 887 1051">
     <span class='ocr_line' id='line_1_10' title="bbox 55 965 887 1051; baseline 0.011 -26"><span class='ocrx_word' id='word_1_58' title='bbox 55 965 119 1045; x_wconf 91' lang='lat' dir='ltr'>ipse</span> <span class='ocrx_word' id='word_1_59' title='bbox 140 967 236 1046; x_wconf 85' lang='lat' dir='ltr'>gravis</span> <span class='ocrx_word' id='word_1_60' title='bbox 258 967 443 1047; x_wconf 79' lang='lat' dir='ltr'>graviterque</span> <span class='ocrx_word' id='word_1_61' title='bbox 465 968 501 1029; x_wconf 96' lang='lat' dir='ltr'>ad</span> <span class='ocrx_word' id='word_1_62' title='bbox 523 978 631 1030; x_wconf 90' lang='lat' dir='ltr'>terram</span> <span class='ocrx_word' id='word_1_63' title='bbox 654 971 787 1051; x_wconf 89' lang='lat' dir='ltr'>pondere</span> <span class='ocrx_word' id='word_1_64' title='bbox 808 981 887 1034; x_wconf 85' lang='lat' dir='ltr'>vasto</span> 
     </span>
    </p>

    <p class='ocr_par' dir='ltr' id='par_1_5' title="bbox 56 1053 940 1137">
     <span class='ocr_line' id='line_1_11' title="bbox 56 1053 940 1137; baseline 0.007 -24"><span class='ocrx_word' id='word_1_65' title='bbox 56 1053 199 1127; x_wconf 90' lang='lat' dir='ltr'>concidit,</span> <span class='ocrx_word' id='word_1_66' title='bbox 222 1062 256 1114; x_wconf 90' lang='lat' dir='ltr'>ut</span> <span class='ocrx_word' id='word_1_67' title='bbox 277 1053 425 1131; x_wconf 86' lang='lat' dir='ltr'>quondam</span> <span class='ocrx_word' id='word_1_68' title='bbox 448 1072 516 1114; x_wconf 86' lang='lat' dir='ltr'>cava</span> <span class='ocrx_word' id='word_1_69' title='bbox 538 1055 667 1117; x_wconf 78' lang='lat' dir='ltr'>concidit</span> <span class='ocrx_word' id='word_1_70' title='bbox 689 1065 739 1117; x_wconf 85' lang='lat' dir='ltr'>aut</span> <span class='ocrx_word' id='word_1_71' title='bbox 760 1056 940 1137; x_wconf 75' lang='lat' dir='ltr'>Erymantho</span> 
     </span>
    </p>

    <p class='ocr_par' dir='ltr' id='par_1_6' title="bbox 55 1137 753 1221">
     <span class='ocr_line' id='line_1_12' title="bbox 55 1137 753 1221; baseline 0.007 -23"><span class='ocrx_word' id='word_1_72' title='bbox 55 1148 105 1200; x_wconf 88' lang='lat' dir='ltr'>aut</span> <span class='ocrx_word' id='word_1_73' title='bbox 126 1137 177 1199; x_wconf 95' lang='lat' dir='ltr'>lda</span> <span class='ocrx_word' id='word_1_74' title='bbox 199 1138 229 1199; x_wconf 95' lang='lat' dir='ltr'>in</span> <span class='ocrx_word' id='word_1_75' title='bbox 253 1155 359 1217; x_wconf 89' lang='lat' dir='ltr'>magna</span> <span class='ocrx_word' id='word_1_76' title='bbox 379 1137 527 1200; x_wconf 87' lang='lat' dir='ltr'>radicibus</span> <span class='ocrx_word' id='word_1_77' title='bbox 550 1147 632 1201; x_wconf 88' lang='lat' dir='ltr'>eruta</span> <span class='ocrx_word' id='word_1_78' title='bbox 655 1140 753 1221; x_wconf 87' lang='lat' dir='ltr'>pinus.</span> 
     </span>
    </p>

    <p class='ocr_par' dir='ltr' id='par_1_7' title="bbox 55 1223 854 1307">
     <span class='ocr_line' id='line_1_13' title="bbox 55 1223 854 1307; baseline 0.004 -22"><span class='ocrx_word' id='word_1_79' title='bbox 55 1231 245 1303; x_wconf 92' lang='lat' dir='ltr'>consurgunt</span> <span class='ocrx_word' id='word_1_80' title='bbox 265 1223 370 1285; x_wconf 92' lang='lat' dir='ltr'>studiis</span> <span class='ocrx_word' id='word_1_81' title='bbox 391 1223 498 1286; x_wconf 80' lang='lat' dir='ltr'>&#39;leucri</span> <span class='ocrx_word' id='word_1_82' title='bbox 521 1234 550 1285; x_wconf 91' lang='lat' dir='ltr'>et</span> <span class='ocrx_word' id='word_1_83' title='bbox 572 1224 725 1287; x_wconf 86' lang='lat' dir='ltr'>Trinacria</span> <span class='ocrx_word' id='word_1_84' title='bbox 745 1225 854 1307; x_wconf 86' lang='lat' dir='ltr'>pubes,</span> 
     </span>
    </p>

    <p class='ocr_par' dir='ltr' id='par_1_8' title="bbox 57 1308 800 1388">
     <span class='ocr_line' id='line_1_14' title="bbox 57 1308 800 1388; baseline 0.004 -18"><span class='ocrx_word' id='word_1_85' title='bbox 57 1309 78 1370; x_wconf 91' lang='lat' dir='ltr'>it</span> <span class='ocrx_word' id='word_1_86' title='bbox 100 1309 211 1371; x_wconf 91' lang='lat' dir='ltr'>clamor</span> <span class='ocrx_word' id='word_1_87' title='bbox 232 1308 314 1370; x_wconf 90' lang='lat' dir='ltr'>caelo</span> <span class='ocrx_word' id='word_1_88' title='bbox 335 1308 508 1388; x_wconf 89' lang='lat' dir='ltr'>primusque</span> <span class='ocrx_word' id='word_1_89' title='bbox 530 1311 657 1372; x_wconf 89' lang='lat' dir='ltr'>accurrit</span> <span class='ocrx_word' id='word_1_90' title='bbox 679 1314 800 1374; x_wconf 76' lang='lat' dir='ltr'>Acestes</span> 
     </span>
    </p>

    <p class='ocr_par' dir='ltr' id='par_1_9' title="bbox 56 1393 916 1559">
     <span class='ocr_line' id='line_1_15' title="bbox 56 1393 916 1473; baseline 0.003 -18"><span class='ocrx_word' id='word_1_91' title='bbox 56 1412 295 1473; x_wconf 85' lang='lat' dir='ltr'>aequaevumque</span> <span class='ocrx_word' id='word_1_92' title='bbox 317 1393 353 1454; x_wconf 81' lang='lat' dir='ltr'>ab</span> <span class='ocrx_word' id='word_1_93' title='bbox 375 1395 466 1455; x_wconf 93' lang='lat' dir='ltr'>humo</span> <span class='ocrx_word' id='word_1_94' title='bbox 487 1394 632 1457; x_wconf 89' lang='lat' dir='ltr'>miserans</span> <span class='ocrx_word' id='word_1_95' title='bbox 653 1397 759 1459; x_wconf 89' lang='lat' dir='ltr'>attollit</span> <span class='ocrx_word' id='word_1_96' title='bbox 781 1397 916 1458; x_wconf 87' lang='lat' dir='ltr'>amicum.</span> 
     </span>
     <span class='ocr_line' id='line_1_16' title="bbox 141 1479 882 1559; baseline 0.005 -19"><span class='ocrx_word' id='word_1_97' title='bbox 141 1479 179 1540; x_wconf 78' lang='lat' dir='ltr'>lt</span> <span class='ocrx_word' id='word_1_98' title='bbox 201 1498 262 1541; x_wconf 94' lang='lat' dir='ltr'>non</span> <span class='ocrx_word' id='word_1_99' title='bbox 284 1479 415 1540; x_wconf 89' lang='lat' dir='ltr'>tardatus</span> <span class='ocrx_word' id='word_1_100' title='bbox 437 1498 507 1542; x_wconf 88' lang='lat' dir='ltr'>casu</span> <span class='ocrx_word' id='word_1_101' title='bbox 529 1498 628 1559; x_wconf 90' lang='lat' dir='ltr'>neque</span> <span class='ocrx_word' id='word_1_102' title='bbox 650 1482 771 1545; x_wconf 91' lang='lat' dir='ltr'>territus</span> <span class='ocrx_word' id='word_1_103' title='bbox 793 1481 882 1544; x_wconf 91' lang='lat' dir='ltr'>heros</span> 
     </span>
    </p>

    <p class='ocr_par' dir='ltr' id='par_1_10' title="bbox 56 1563 820 1644">
     <span class='ocr_line' id='line_1_17' title="bbox 56 1563 820 1644; baseline 0.004 -19"><span class='ocrx_word' id='word_1_104' title='bbox 56 1564 153 1626; x_wconf 91' lang='lat' dir='ltr'>acrior</span> <span class='ocrx_word' id='word_1_105' title='bbox 175 1564 210 1625; x_wconf 91' lang='lat' dir='ltr'>ad</span> <span class='ocrx_word' id='word_1_106' title='bbox 232 1581 362 1644; x_wconf 89' lang='lat' dir='ltr'>pugnam</span> <span class='ocrx_word' id='word_1_107' title='bbox 383 1563 460 1627; x_wconf 88' lang='lat' dir='ltr'>redit</span> <span class='ocrx_word' id='word_1_108' title='bbox 484 1584 519 1626; x_wconf 89' lang='lat' dir='ltr'>ac</span> <span class='ocrx_word' id='word_1_109' title='bbox 540 1565 598 1626; x_wconf 86' lang='lat' dir='ltr'>vim</span> <span class='ocrx_word' id='word_1_110' title='bbox 621 1567 741 1628; x_wconf 90' lang='lat' dir='ltr'>suscitat</span> <span class='ocrx_word' id='word_1_111' title='bbox 762 1567 820 1643; x_wconf 88' lang='lat' dir='ltr'>ira;</span> 
     </span>
    </p>

    <p class='ocr_par' dir='ltr' id='par_1_11' title="bbox 56 1648 783 1729">
     <span class='ocr_line' id='line_1_18' title="bbox 56 1648 783 1729; baseline 0.003 -18"><span class='ocrx_word' id='word_1_112' title='bbox 56 1660 118 1711; x_wconf 89' lang='lat' dir='ltr'>tum</span> <span class='ocrx_word' id='word_1_113' title='bbox 139 1648 236 1729; x_wconf 92' lang='lat' dir='ltr'>pudor</span> <span class='ocrx_word' id='word_1_114' title='bbox 258 1648 389 1710; x_wconf 88' lang='lat' dir='ltr'>incendit</span> <span class='ocrx_word' id='word_1_115' title='bbox 410 1649 479 1712; x_wconf 85' lang='lat' dir='ltr'>viris</span> <span class='ocrx_word' id='word_1_116' title='bbox 500 1658 530 1710; x_wconf 90' lang='lat' dir='ltr'>et</span> <span class='ocrx_word' id='word_1_117' title='bbox 551 1651 669 1712; x_wconf 88' lang='lat' dir='ltr'>conscia</span> <span class='ocrx_word' id='word_1_118' title='bbox 691 1652 783 1714; x_wconf 88' lang='lat' dir='ltr'>virtus</span> 
     </span>
    </p>

    <p class='ocr_par' dir='ltr' id='par_1_12' title="bbox 57 1734 870 1816">
     <span class='ocr_line' id='line_1_19' title="bbox 57 1734 870 1816; baseline 0.002 -20"><span class='ocrx_word' id='word_1_119' title='bbox 57 1734 307 1814; x_wconf 88' lang='lat' dir='ltr'>praecipitemque</span> <span class='ocrx_word' id='word_1_120' title='bbox 329 1734 424 1795; x_wconf 85' lang='lat' dir='ltr'>Daren</span> <span class='ocrx_word' id='word_1_121' title='bbox 448 1735 555 1797; x_wconf 87' lang='lat' dir='ltr'>ardens</span> <span class='ocrx_word' id='word_1_122' title='bbox 577 1736 637 1816; x_wconf 87' lang='lat' dir='ltr'>agit</span> <span class='ocrx_word' id='word_1_123' title='bbox 657 1755 786 1816; x_wconf 88' lang='lat' dir='ltr'>aequore</span> <span class='ocrx_word' id='word_1_124' title='bbox 807 1746 870 1798; x_wconf 91' lang='lat' dir='ltr'>toto</span> 
     </span>
    </p>

    <p class='ocr_par' dir='ltr' id='par_1_13' title="bbox 57 1819 912 1899">
     <span class='ocr_line' id='line_1_20' title="bbox 57 1819 912 1899; baseline 0.002 -18"><span class='ocrx_word' id='word_1_125' title='bbox 57 1839 140 1881; x_wconf 93' lang='lat' dir='ltr'>nunc</span> <span class='ocrx_word' id='word_1_126' title='bbox 162 1820 262 1881; x_wconf 79' lang='lat' dir='ltr'>dextra</span> <span class='ocrx_word' id='word_1_127' title='bbox 285 1819 471 1899; x_wconf 82' lang='lat' dir='ltr'>ingeminans</span> <span class='ocrx_word' id='word_1_128' title='bbox 492 1821 582 1895; x_wconf 91' lang='lat' dir='ltr'>ictus,</span> <span class='ocrx_word' id='word_1_129' title='bbox 604 1840 687 1883; x_wconf 92' lang='lat' dir='ltr'>nunc</span> <span class='ocrx_word' id='word_1_130' title='bbox 708 1822 756 1884; x_wconf 90' lang='lat' dir='ltr'>ille</span> <span class='ocrx_word' id='word_1_131' title='bbox 779 1822 912 1898; x_wconf 89' lang='lat' dir='ltr'>sinistra;</span> 
     </span>
    </p>

    <p class='ocr_par' dir='ltr' id='par_1_14' title="bbox 56 1905 956 1986">
     <span class='ocr_line' id='line_1_21' title="bbox 56 1905 956 1986; baseline 0.002 -20"><span class='ocrx_word' id='word_1_132' title='bbox 56 1923 114 1966; x_wconf 93' lang='lat' dir='ltr'>nec</span> <span class='ocrx_word' id='word_1_133' title='bbox 136 1922 219 1965; x_wconf 90' lang='lat' dir='ltr'>mora</span> <span class='ocrx_word' id='word_1_134' title='bbox 241 1923 297 1967; x_wconf 90' lang='lat' dir='ltr'>uec</span> <span class='ocrx_word' id='word_1_135' title='bbox 319 1905 451 1984; x_wconf 85' lang='lat' dir='ltr'>requies:</span> <span class='ocrx_word' id='word_1_136' title='bbox 475 1923 562 1985; x_wconf 93' lang='lat' dir='ltr'>quam</span> <span class='ocrx_word' id='word_1_137' title='bbox 584 1907 675 1968; x_wconf 92' lang='lat' dir='ltr'>multa</span> <span class='ocrx_word' id='word_1_138' title='bbox 697 1906 841 1986; x_wconf 89' lang='lat' dir='ltr'>grandine</span> <span class='ocrx_word' id='word_1_139' title='bbox 864 1906 956 1968; x_wconf 92' lang='lat' dir='ltr'>nimbi</span> 
     </span>
    </p>

    <p class='ocr_par' dir='ltr' id='par_1_15' title="bbox 56 1989 846 2070">
     <span class='ocr_line' id='line_1_22' title="bbox 56 1989 846 2070; baseline 0.001 -19"><span class='ocrx_word' id='word_1_140' title='bbox 56 1989 237 2052; x_wconf 91' lang='lat' dir='ltr'>culminibus</span> <span class='ocrx_word' id='word_1_141' title='bbox 259 1989 420 2070; x_wconf 86' lang='lat' dir='ltr'>crepitant,</span> <span class='ocrx_word' id='word_1_142' title='bbox 443 1990 486 2053; x_wconf 92' lang='lat' dir='ltr'>sic</span> <span class='ocrx_word' id='word_1_143' title='bbox 508 1990 607 2053; x_wconf 90' lang='lat' dir='ltr'>densis</span> <span class='ocrx_word' id='word_1_144' title='bbox 628 1991 736 2054; x_wconf 90' lang='lat' dir='ltr'>ictibus</span> <span class='ocrx_word' id='word_1_145' title='bbox 757 1992 846 2053; x_wconf 86' lang='lat' dir='ltr'>beros</span> 
     </span>
    </p>

    <p class='ocr_par' dir='ltr' id='par_1_16' title="bbox 56 2074 850 2156">
     <span class='ocr_line' id='line_1_23' title="bbox 56 2074 850 2156; baseline 0 -19"><span class='ocrx_word' id='word_1_146' title='bbox 56 2074 164 2137; x_wconf 90' lang='lat' dir='ltr'>creber</span> <span class='ocrx_word' id='word_1_147' title='bbox 185 2083 309 2154; x_wconf 89' lang='lat' dir='ltr'>utraque</span> <span class='ocrx_word' id='word_1_148' title='bbox 332 2093 421 2136; x_wconf 92' lang='lat' dir='ltr'>manu</span> <span class='ocrx_word' id='word_1_149' title='bbox 443 2075 540 2155; x_wconf 91' lang='lat' dir='ltr'>pulsat</span> <span class='ocrx_word' id='word_1_150' title='bbox 560 2087 714 2156; x_wconf 81' lang='lat' dir='ltr'>versatque</span> <span class='ocrx_word' id='word_1_151' title='bbox 736 2077 850 2138; x_wconf 85' lang='lat' dir='ltr'>llareta.</span> 
     </span>
    </p>

    <p class='ocr_par' dir='ltr' id='par_1_17' title="bbox 55 2160 764 2243">
     <span class='ocr_line' id='line_1_24' title="bbox 55 2160 764 2243; baseline 0.001 -21"><span class='ocrx_word' id='word_1_152' title='bbox 55 2169 120 2222; x_wconf 83' lang='lat' dir='ltr'>tum</span> <span class='ocrx_word' id='word_1_153' title='bbox 143 2168 227 2240; x_wconf 91' lang='lat' dir='ltr'>pater</span> <span class='ocrx_word' id='word_1_154' title='bbox 248 2160 361 2221; x_wconf 76' lang='lat' dir='ltr'>Aeneas</span> <span class='ocrx_word' id='word_1_155' title='bbox 382 2161 545 2240; x_wconf 90' lang='lat' dir='ltr'>procedere</span> <span class='ocrx_word' id='word_1_156' title='bbox 566 2161 685 2243; x_wconf 91' lang='lat' dir='ltr'>longius</span> <span class='ocrx_word' id='word_1_157' title='bbox 707 2162 764 2223; x_wconf 89' lang='lat' dir='ltr'>iras</span> 
     </span>
    </p>

    <p class='ocr_par' dir='ltr' id='par_1_18' title="bbox 55 2244 889 2328">
     <span class='ocr_line' id='line_1_25' title="bbox 55 2244 889 2328; baseline 0.002 -21"><span class='ocrx_word' id='word_1_158' title='bbox 55 2254 86 2307; x_wconf 92' lang='lat' dir='ltr'>et</span> <span class='ocrx_word' id='word_1_159' title='bbox 107 2245 219 2308; x_wconf 88' lang='lat' dir='ltr'>saevire</span> <span class='ocrx_word' id='word_1_160' title='bbox 241 2245 345 2307; x_wconf 88' lang='lat' dir='ltr'>animis</span> <span class='ocrx_word' id='word_1_161' title='bbox 367 2244 516 2307; x_wconf 84' lang='lat' dir='ltr'>Entellum</span> <span class='ocrx_word' id='word_1_162' title='bbox 537 2245 613 2308; x_wconf 90' lang='lat' dir='ltr'>haud</span> <span class='ocrx_word' id='word_1_163' title='bbox 636 2265 739 2328; x_wconf 84' lang='lat' dir='ltr'>passus</span> <span class='ocrx_word' id='word_1_164' title='bbox 761 2247 889 2322; x_wconf 90' lang='lat' dir='ltr'>acerbis,</span> 
     </span>
    </p>

    <p class='ocr_par' dir='ltr' id='par_1_19' title="bbox 55 2330 840 2412">
     <span class='ocr_line' id='line_1_26' title="bbox 55 2330 840 2412; baseline 0.001 -19"><span class='ocrx_word' id='word_1_165' title='bbox 55 2331 109 2393; x_wconf 91' lang='lat' dir='ltr'>sed</span> <span class='ocrx_word' id='word_1_166' title='bbox 132 2331 222 2391; x_wconf 87' lang='lat' dir='ltr'>finem</span> <span class='ocrx_word' id='word_1_167' title='bbox 243 2330 384 2412; x_wconf 89' lang='lat' dir='ltr'>imposuit</span> <span class='ocrx_word' id='word_1_168' title='bbox 403 2349 521 2411; x_wconf 87' lang='lat' dir='ltr'>pugnae</span> <span class='ocrx_word' id='word_1_169' title='bbox 543 2332 712 2411; x_wconf 84' lang='lat' dir='ltr'>fessumque</span> <span class='ocrx_word' id='word_1_170' title='bbox 734 2333 840 2395; x_wconf 86' lang='lat' dir='ltr'>Dareta</span> 
     </span>
    </p>

    <p class='ocr_par' dir='ltr' id='par_1_20' title="bbox 58 2415 688 2494">
     <span class='ocr_line' id='line_1_27' title="bbox 58 2415 688 2494; baseline 0.003 -18"><span class='ocrx_word' id='word_1_171' title='bbox 58 2415 168 2494; x_wconf 89' lang='lat' dir='ltr'>eripuit</span> <span class='ocrx_word' id='word_1_172' title='bbox 188 2415 322 2477; x_wconf 89' lang='lat' dir='ltr'>mulcens</span> <span class='ocrx_word' id='word_1_173' title='bbox 343 2415 429 2477; x_wconf 92' lang='lat' dir='ltr'>dictis</span> <span class='ocrx_word' id='word_1_174' title='bbox 451 2434 485 2477; x_wconf 91' lang='lat' dir='ltr'>ac</span> <span class='ocrx_word' id='word_1_175' title='bbox 506 2415 573 2477; x_wconf 85' lang='lat' dir='ltr'>talia</span> <span class='ocrx_word' id='word_1_176' title='bbox 595 2418 688 2479; x_wconf 85' lang='lat' dir='ltr'>latur:</span> 
     </span>
    </p>

    <p class='ocr_par' dir='ltr' id='par_1_21' title="bbox 56 2499 832 2585">
     <span class='ocr_line' id='line_1_28' title="bbox 56 2499 832 2585; baseline 0.003 -25"><span class='ocrx_word' id='word_1_177' title='bbox 56 2499 186 2574; x_wconf 68' lang='lat' dir='ltr'>infelix,</span> <span class='ocrx_word' id='word_1_178' title='bbox 209 2518 284 2579; x_wconf 91' lang='lat' dir='ltr'>quae</span> <span class='ocrx_word' id='word_1_179' title='bbox 306 2509 387 2561; x_wconf 91' lang='lat' dir='ltr'>tanta</span> <span class='ocrx_word' id='word_1_180' title='bbox 409 2501 540 2585; x_wconf 90' lang='lat' dir='ltr'>animum</span> <span class='ocrx_word' id='word_1_181' title='bbox 562 2502 708 2564; x_wconf 90' lang='lat' dir='ltr'>dementia</span> <span class='ocrx_word' id='word_1_182' title='bbox 731 2500 832 2582; x_wconf 76' lang='lat' dir='ltr'>cepit?</span> 
     </span>
    </p>

    <p class='ocr_par' dir='ltr' id='par_1_22' title="bbox 59 2583 808 2665">
     <span class='ocr_line' id='line_1_29' title="bbox 59 2583 808 2665; baseline 0.003 -20"><span class='ocrx_word' id='word_1_183' title='bbox 59 2604 121 2646; x_wconf 93' lang='lat' dir='ltr'>non</span> <span class='ocrx_word' id='word_1_184' title='bbox 144 2584 214 2646; x_wconf 83' lang='lat' dir='ltr'>viris</span> <span class='ocrx_word' id='word_1_185' title='bbox 235 2584 305 2647; x_wconf 90' lang='lat' dir='ltr'>alias</span> <span class='ocrx_word' id='word_1_186' title='bbox 327 2603 527 2665; x_wconf 86' lang='lat' dir='ltr'>conversaque</span> <span class='ocrx_word' id='word_1_187' title='bbox 550 2589 672 2652; x_wconf 86' lang='lat' dir='ltr'>numina</span> <span class='ocrx_word' id='word_1_188' title='bbox 694 2583 808 2650; x_wconf 83' lang='lat' dir='ltr'>sentis?</span> 
     </span>
    </p>

    <p class='ocr_par' dir='ltr' id='par_1_23' title="bbox 56 2665 825 2750">
     <span class='ocr_line' id='line_1_30' title="bbox 56 2665 825 2750; baseline 0.003 -20"><span class='ocrx_word' id='word_1_189' title='bbox 56 2670 130 2731; x_wconf 89' lang='lat' dir='ltr'>cede</span> <span class='ocrx_word' id='word_1_190' title='bbox 152 2665 225 2730; x_wconf 77' lang='lat' dir='ltr'>deo.²</span> <span class='ocrx_word' id='word_1_191' title='bbox 270 2669 400 2750; x_wconf 82' lang='lat' dir='ltr'>dixitque</span> <span class='ocrx_word' id='word_1_192' title='bbox 422 2679 451 2732; x_wconf 94' lang='lat' dir='ltr'>et</span> <span class='ocrx_word' id='word_1_193' title='bbox 472 2671 583 2750; x_wconf 94' lang='lat' dir='ltr'>proelia</span> <span class='ocrx_word' id='word_1_194' title='bbox 605 2690 677 2734; x_wconf 88' lang='lat' dir='ltr'>voce</span> <span class='ocrx_word' id='word_1_195' title='bbox 699 2672 825 2734; x_wconf 86' lang='lat' dir='ltr'>diremit.</span> 
     </span>
    </p>

    <p class='ocr_par' dir='ltr' id='par_1_24' title="bbox 56 2754 852 2837">
     <span class='ocr_line' id='line_1_31' title="bbox 56 2754 852 2837; baseline 0.001 -22"><span class='ocrx_word' id='word_1_196' title='bbox 56 2764 102 2816; x_wconf 87' lang='lat' dir='ltr'>ast</span> <span class='ocrx_word' id='word_1_197' title='bbox 124 2754 208 2818; x_wconf 94' lang='lat' dir='ltr'>illum</span> <span class='ocrx_word' id='word_1_198' title='bbox 229 2755 280 2816; x_wconf 88' lang='lat' dir='ltr'>fidi</span> <span class='ocrx_word' id='word_1_199' title='bbox 302 2755 438 2834; x_wconf 89' lang='lat' dir='ltr'>aequales</span> <span class='ocrx_word' id='word_1_200' title='bbox 460 2773 557 2835; x_wconf 90' lang='lat' dir='ltr'>genua</span> <span class='ocrx_word' id='word_1_201' title='bbox 579 2775 667 2837; x_wconf 90' lang='lat' dir='ltr'>aegra</span> <span class='ocrx_word' id='word_1_202' title='bbox 687 2757 852 2819; x_wconf 87' lang='lat' dir='ltr'>trahentem</span> 
     </span>
    </p>

    <p class='ocr_par' dir='ltr' id='par_1_25' title="bbox 57 2839 904 2921">
     <span class='ocr_line' id='line_1_32' title="bbox 57 2839 904 2921; baseline 0.001 -20"><span class='ocrx_word' id='word_1_203' title='bbox 57 2839 275 2918; x_wconf 89' lang='lat' dir='ltr'>iactantemque</span> <span class='ocrx_word' id='word_1_204' title='bbox 296 2848 423 2919; x_wconf 84' lang='lat' dir='ltr'>unoque</span> <span class='ocrx_word' id='word_1_205' title='bbox 445 2850 534 2920; x_wconf 86' lang='lat' dir='ltr'>caput</span> <span class='ocrx_word' id='word_1_206' title='bbox 555 2860 745 2921; x_wconf 88' lang='lat' dir='ltr'>crassumque</span> <span class='ocrx_word' id='word_1_207' title='bbox 768 2859 904 2902; x_wconf 89' lang='lat' dir='ltr'>cruorem</span> 
     </span>
    </p>

    <p class='ocr_par' dir='ltr' id='par_1_26' title="bbox 56 2924 838 3008">
     <span class='ocr_line' id='line_1_33' title="bbox 56 2924 838 3008; baseline 0.004 -22"><span class='ocrx_word' id='word_1_208' title='bbox 56 2942 111 2986; x_wconf 93' lang='lat' dir='ltr'>ore</span> <span class='ocrx_word' id='word_1_209' title='bbox 132 2924 305 2987; x_wconf 88' lang='lat' dir='ltr'>eiectantem</span> <span class='ocrx_word' id='word_1_210' title='bbox 327 2924 492 3005; x_wconf 83' lang='lat' dir='ltr'>mixtosque</span> <span class='ocrx_word' id='word_1_211' title='bbox 514 2927 545 2988; x_wconf 94' lang='lat' dir='ltr'>in</span> <span class='ocrx_word' id='word_1_212' title='bbox 568 2927 713 3008; x_wconf 88' lang='lat' dir='ltr'>sanguine</span> <span class='ocrx_word' id='word_1_213' title='bbox 735 2927 838 2989; x_wconf 91' lang='lat' dir='ltr'>dentes</span> 
     </span>
    </p>

    <p class='ocr_par' dir='ltr' id='par_1_27' title="bbox 56 3009 950 3091">
     <span class='ocr_line' id='line_1_34' title="bbox 56 3009 950 3091; baseline 0.009 -21"><span class='ocrx_word' id='word_1_214' title='bbox 56 3009 173 3071; x_wconf 92' lang='lat' dir='ltr'>ducunt</span> <span class='ocrx_word' id='word_1_215' title='bbox 193 3009 228 3069; x_wconf 92' lang='lat' dir='ltr'>ad</span> <span class='ocrx_word' id='word_1_216' title='bbox 252 3009 333 3071; x_wconf 87' lang='lat' dir='ltr'>naris</span> <span class='ocrx_word' id='word_1_217' title='bbox 354 3009 525 3090; x_wconf 86' lang='lat' dir='ltr'>galeamque</span> <span class='ocrx_word' id='word_1_218' title='bbox 547 3030 708 3091; x_wconf 89' lang='lat' dir='ltr'>ensemque</span> <span class='ocrx_word' id='word_1_219' title='bbox 729 3011 823 3073; x_wconf 87' lang='lat' dir='ltr'>vocati</span> <span class='ocrx_word' id='word_1_220' title='bbox 947 3075 950 3078; x_wconf 87' lang='lat'>.</span> 
     </span>
    </p>

    <p class='ocr_par' dir='ltr' id='par_1_28' title="bbox 58 3094 916 3176">
     <span class='ocr_line' id='line_1_35' title="bbox 58 3094 916 3176; baseline 0.003 -21"><span class='ocrx_word' id='word_1_221' title='bbox 58 3094 223 3173; x_wconf 89' lang='lat' dir='ltr'>accipiunt,</span> <span class='ocrx_word' id='word_1_222' title='bbox 246 3094 372 3174; x_wconf 88' lang='lat' dir='ltr'>palmam</span> <span class='ocrx_word' id='word_1_223' title='bbox 394 3094 511 3159; x_wconf 89' lang='lat' dir='ltr'>Entello</span> <span class='ocrx_word' id='word_1_224' title='bbox 533 3105 710 3176; x_wconf 88' lang='lat' dir='ltr'>taurumque</span> <span class='ocrx_word' id='word_1_225' title='bbox 733 3097 916 3176; x_wconf 89' lang='lat' dir='ltr'>relinquunt.</span> 
     </span>
    </p>

    <p class='ocr_par' dir='ltr' id='par_1_29' title="bbox 56 3179 868 3262">
     <span class='ocr_line' id='line_1_36' title="bbox 56 3179 868 3262; baseline 0.005 -23"><span class='ocrx_word' id='word_1_226' title='bbox 56 3179 106 3240; x_wconf 94' lang='lat' dir='ltr'>bic</span> <span class='ocrx_word' id='word_1_227' title='bbox 128 3179 223 3241; x_wconf 85' lang='lat' dir='ltr'>victor</span> <span class='ocrx_word' id='word_1_228' title='bbox 244 3198 388 3259; x_wconf 89' lang='lat' dir='ltr'>superans</span> <span class='ocrx_word' id='word_1_229' title='bbox 410 3181 516 3243; x_wconf 87' lang='lat' dir='ltr'>animis</span> <span class='ocrx_word' id='word_1_230' title='bbox 537 3190 682 3262; x_wconf 88' lang='lat' dir='ltr'>tauroque</span> <span class='ocrx_word' id='word_1_231' title='bbox 704 3181 868 3262; x_wconf 90' lang='lat' dir='ltr'>superbus:</span> 
     </span>
    </p>

    <p class='ocr_par' dir='ltr' id='par_1_30' title="bbox 54 3258 940 3348">
     <span class='ocr_line' id='line_1_37' title="bbox 54 3258 940 3348; baseline 0.003 -23"><span class='ocrx_word' id='word_1_232' title='bbox 54 3258 136 3325; x_wconf 88' lang='lat' dir='ltr'>‘nate</span> <span class='ocrx_word' id='word_1_233' title='bbox 161 3263 215 3326; x_wconf 90' lang='lat' dir='ltr'>dea</span> <span class='ocrx_word' id='word_1_234' title='bbox 235 3282 346 3344; x_wconf 88' lang='lat' dir='ltr'>vosque</span> <span class='ocrx_word' id='word_1_235' title='bbox 367 3259 455 3328; x_wconf 84' lang='lat' dir='ltr'>baoe&#39;</span> <span class='ocrx_word' id='word_1_236' title='bbox 480 3266 575 3345; x_wconf 91' lang='lat' dir='ltr'>inquit</span> <span class='ocrx_word' id='word_1_237' title='bbox 594 3259 792 3348; x_wconf 87' lang='lat' dir='ltr'>‘cognoscite,</span> <span class='ocrx_word' id='word_1_238' title='bbox 817 3267 940 3341; x_wconf 76' lang='lat' dir='ltr'>Teucri,</span> 
     </span>
    </p>

    <p class='ocr_par' dir='ltr' id='par_1_31' title="bbox 58 3348 860 3432">
     <span class='ocr_line' id='line_1_38' title="bbox 58 3348 860 3432; baseline 0.006 -23"><span class='ocrx_word' id='word_1_239' title='bbox 58 3348 183 3410; x_wconf 86' lang='lat' dir='ltr'>etmihi</span> <span class='ocrx_word' id='word_1_240' title='bbox 206 3367 280 3429; x_wconf 86' lang='lat' dir='ltr'>quac</span> <span class='ocrx_word' id='word_1_241' title='bbox 302 3350 412 3412; x_wconf 87' lang='lat' dir='ltr'>luerint</span> <span class='ocrx_word' id='word_1_242' title='bbox 434 3351 560 3413; x_wconf 80' lang='lat' dir='ltr'>iuvenali</span> <span class='ocrx_word' id='word_1_243' title='bbox 583 3352 612 3414; x_wconf 92' lang='lat' dir='ltr'>in</span> <span class='ocrx_word' id='word_1_244' title='bbox 637 3371 762 3432; x_wconf 88' lang='lat' dir='ltr'>corpore</span> <span class='ocrx_word' id='word_1_245' title='bbox 783 3353 860 3414; x_wconf 86' lang='lat' dir='ltr'>vires</span> 
     </span>
    </p>

    <p class='ocr_par' dir='ltr' id='par_1_32' title="bbox 56 3429 802 3513">
     <span class='ocr_line' id='line_1_39' title="bbox 56 3429 802 3513; baseline 0.004 -18"><span class='ocrx_word' id='word_1_246' title='bbox 56 3443 89 3495; x_wconf 89' lang='lat' dir='ltr'>et</span> <span class='ocrx_word' id='word_1_247' title='bbox 110 3452 169 3513; x_wconf 93' lang='lat' dir='ltr'>qua</span> <span class='ocrx_word' id='word_1_248' title='bbox 190 3435 311 3496; x_wconf 82' lang='lat' dir='ltr'>servetis</span> <span class='ocrx_word' id='word_1_249' title='bbox 333 3446 500 3498; x_wconf 85' lang='lat' dir='ltr'>revocatum</span> <span class='ocrx_word' id='word_1_250' title='bbox 523 3455 539 3498; x_wconf 98' lang='lat' dir='ltr'>a</span> <span class='ocrx_word' id='word_1_251' title='bbox 561 3446 657 3500; x_wconf 83' lang='lat' dir='ltr'>morte</span> <span class='ocrx_word' id='word_1_252' title='bbox 679 3429 802 3499; x_wconf 77' lang='lat' dir='ltr'>Dareta.³</span> 
     </span>
    </p>

    <p class='ocr_par' dir='ltr' id='par_1_33' title="bbox 57 3518 772 3597">
     <span class='ocr_line' id='line_1_40' title="bbox 57 3518 772 3597; baseline 0.004 -16"><span class='ocrx_word' id='word_1_253' title='bbox 57 3518 132 3581; x_wconf 83' lang='lat' dir='ltr'>dixit</span> <span class='ocrx_word' id='word_1_254' title='bbox 154 3527 183 3581; x_wconf 91' lang='lat' dir='ltr'>et</span> <span class='ocrx_word' id='word_1_255' title='bbox 204 3519 316 3582; x_wconf 86' lang='lat' dir='ltr'>adversi</span> <span class='ocrx_word' id='word_1_256' title='bbox 339 3530 443 3584; x_wconf 88' lang='lat' dir='ltr'>contra</span> <span class='ocrx_word' id='word_1_257' title='bbox 463 3523 545 3585; x_wconf 85' lang='lat' dir='ltr'>stetit</span> <span class='ocrx_word' id='word_1_258' title='bbox 568 3541 623 3585; x_wconf 86' lang='lat' dir='ltr'>ora</span> <span class='ocrx_word' id='word_1_259' title='bbox 640 3522 772 3597; x_wconf 87' lang='lat' dir='ltr'>iuvenci,</span> 
     </span>
    </p>
   </div>
   <div class='ocr_carea' id='block_1_3' title="bbox 55 3719 1129 3861">
    <p class='ocr_par' dir='ltr' id='par_1_34' title="bbox 55 3719 1129 3861">
     <span class='ocr_line' id='line_1_41' title="bbox 143 3719 1129 3787; baseline -0.001 -13"><span class='ocrx_word' id='word_1_260' title='bbox 143 3722 195 3780; x_wconf 77' lang='lat'>442</span> <span class='ocrx_word' id='word_1_261' title='bbox 212 3725 275 3773; x_wconf 79' lang='lat' dir='ltr'>anta</span> <span class='ocrx_word' id='word_1_262' title='bbox 293 3721 379 3775; x_wconf 81' lang='lat' dir='ltr'>locum</span> <span class='ocrx_word' id='word_1_263' title='bbox 397 3720 472 3776; x_wconf 69' lang='lat' dir='ltr'>Bane.</span> <span class='ocrx_word' id='word_1_264' title='bbox 493 3725 555 3778; x_wconf 80' lang='grc'>1887</span> <span class='ocrx_word' id='word_1_265' title='bbox 585 3725 642 3777; x_wconf 78' lang='lat'><strong>825.</strong></span> <span class='ocrx_word' id='word_1_266' title='bbox 742 3725 791 3777; x_wconf 77' lang='lat' dir='ltr'>db&#39;l</span> <span class='ocrx_word' id='word_1_267' title='bbox 810 3723 865 3787; x_wconf 80' lang='lat' dir='ltr'>illc]</span> <span class='ocrx_word' id='word_1_268' title='bbox 884 3721 977 3774; x_wconf 79' lang='lat' dir='ltr'>deindo</span> <span class='ocrx_word' id='word_1_269' title='bbox 995 3719 1045 3773; x_wconf 85' lang='lat' dir='ltr'>blm</span> <span class='ocrx_word' id='word_1_270' title='bbox 1064 3719 1129 3773; x_wconf 82' lang='lat' dir='ltr'>-V</span> 
     </span>
     <span class='ocr_line' id='line_1_42' title="bbox 55 3761 972 3861; baseline 0.01 -21"><span class='ocrx_word' id='word_1_271' title='bbox 55 3790 108 3841; x_wconf 78' lang='lat'>46¹1</span> <span class='ocrx_word' id='word_1_272' title='bbox 128 3787 202 3839; x_wconf 67' lang='lat' dir='ltr'>ducit</span> <span class='ocrx_word' id='word_1_273' title='bbox 218 3827 246 3845; x_wconf 88' lang='lat'>..</span> <span class='ocrx_word' id='word_1_274' title='bbox 264 3790 373 3843; x_wconf 76' lang='lat' dir='ltr'>diremit</span> <span class='ocrx_word' id='word_1_275' title='bbox 390 3790 474 3844; x_wconf 81' lang='lat' dir='ltr'>damn.</span> <span class='ocrx_word' id='word_1_276' title='bbox 493 3761 593 3861; x_wconf 67' lang='lat' dir='ltr'>Peerlk.</span> <span class='ocrx_word' id='word_1_277' title='bbox 735 3788 738 3794; x_wconf 83' lang='lat'>&#39;</span> <span class='ocrx_word' id='word_1_278' title='bbox 969 3790 972 3795; x_wconf 71' lang='grc'>’</span> 
     </span>
    </p>
   </div>
   <div class='ocr_carea' id='block_1_4' title="bbox 109 3879 227 3935">
    <p class='ocr_par' dir='ltr' id='par_1_35' title="bbox 109 3879 227 3935">
     <span class='ocr_line' id='line_1_43' title="bbox 109 3879 227 3935; baseline 0.042 -15"><span class='ocrx_word' id='word_1_279' title='bbox 109 3879 227 3935; x_wconf 74' lang='lat' dir='ltr'>vergilius.</span> 
     </span>
    </p>
   </div>
   <div class='ocr_carea' id='block_1_5' title="bbox 0 0 1251 4388">
    <p class='ocr_par' dir='ltr' id='par_1_36' title="bbox 0 0 1251 4388">
     <span class='ocr_line' id='line_1_44' title="bbox 0 0 1251 4388; baseline 0 0"><span class='ocrx_word' id='word_1_280' title='bbox 0 0 1251 4388; x_wconf 95' lang='lat' dir='ltr'> </span> 
     </span>
    </p>
   </div>
  </div>
 </body>
</html>
