2286 4394
489 219 680 275 annutante.

133 396 165 456 ln
189 395 400 475 orthographia
423 396 552 456 rationes
575 395 763 473 aLadewigo
785 404 935 474 susceptas
951 414 1012 454 non
1036 414 1129 474 saepe

48 481 149 554 omisi,
179 481 236 542 nisi
258 482 338 560 quod
365 481 469 542 litteris
492 499 564 559 quas
592 491 701 541 vocant
722 480 876 541 labialibus
906 480 1016 541 exitum
1040 499 1129 559 prae-

48 567 228 647 positionum
251 568 446 647 praelixarum
462 567 635 627 assimulavi.
674 568 740 638 hoc,
763 583 940 644 quamquam
958 564 1128 644 periculum

49 671 113 713 esse
135 651 279 724 videbam,
304 671 342 712 ne
365 652 580 711 inconstantiae
604 651 798 722 insimulator,
823 652 901 728 quod
925 650 1031 722 ceteris
1046 651 1128 712 roci-

50 737 106 797 hus
128 736 254 799 dissonis
283 736 418 815 peperci,
449 746 548 796 tamen
571 737 767 815 plurimorum
789 735 935 797 librorum
960 736 1026 796 usui
1053 754 1127 796 con-

49 823 214 884 cedendum
230 822 339 901 putari.
374 820 525 898 aliquanto
541 822 659 901 saepius
673 821 781 881 mutavi
797 821 1032 882 distinctionem:
1056 821 1127 882 satis

49 908 139 967 multa
169 915 313 968 commata
342 907 446 969 sustuli
475 907 606 979 inutilia,
641 905 882 985 interpositiones
910 906 995 967 uncis
1030 906 1125 987 saepsi

50 993 186 1054 rotundis
201 1010 310 1071 easque
324 992 412 1072 paulo
429 992 529 1071 plures
547 991 635 1052 statui
652 1009 738 1069 quam
754 991 840 1066 Lad.;
864 993 950 1052 colon
967 1010 1031 1052 esse
1047 991 1126 1052 volui

49 1079 168 1156 signum
191 1077 332 1138 orationis
354 1077 470 1156 poetice
492 1076 667 1150 dissolutae,
696 1077 844 1155 praecisae
867 1076 912 1136 vel
935 1096 995 1137 non
1018 1095 1125 1138 conse-

51 1163 169 1241 quentis
192 1161 330 1222 lineolam
353 1162 569 1241 interpositam.
606 1162 734 1239 derrique
757 1180 816 1241 quo
839 1162 953 1222 facilius
975 1162 1126 1222 discerne-

51 1258 156 1308 rentur
178 1247 287 1324 singuli
310 1247 454 1307 librorum
477 1246 544 1321 loci,
568 1247 652 1326 plura
675 1247 847 1325 interpuuxi
869 1246 1029 1308 intervalla.

137 1331 267 1409 Singulis
281 1331 365 1393 libris
380 1332 547 1411 argumenti
563 1332 720 1393 summaria
736 1332 874 1411 praemisi
897 1351 984 1411 quam
1000 1334 1127 1393 maxime

52 1417 218 1496 perspicua,
242 1417 271 1476 in
296 1417 403 1496 quibus
426 1417 619 1494 disponendis
640 1416 797 1478 Gebhardii
820 1417 987 1496 exemplum
1010 1419 1128 1498 saepius

52 1503 118 1563 usui
141 1502 211 1563 mibi
227 1501 317 1563 luisse
339 1502 468 1564 libenter
482 1505 634 1582 proliteor.
672 1502 725 1563 toti
741 1503 823 1582 operi
844 1503 984 1564 subiunxi
999 1503 1127 1565 indicem

55 1587 217 1661 nominum,
234 1605 293 1666 quo
309 1606 408 1648 rerum
421 1588 520 1667 potius
532 1587 723 1648 maximarum
740 1606 829 1666 quam
845 1588 977 1648 omnium
993 1589 1128 1650 locorum

53 1673 127 1733 ratio
149 1671 247 1732 habita
271 1682 323 1746 est,
346 1683 468 1733 stemma
490 1673 659 1752 regulorum
676 1674 710 1733 ad
727 1672 896 1752 Apollodori
920 1673 1044 1734 maxime
1065 1693 1128 1733 me-

52 1758 174 1818 moriam
190 1758 370 1836 descriptum
393 1758 539 1836 vitamque
561 1768 665 1837 poetae
687 1776 741 1838 per
755 1758 887 1835 singulos
905 1777 1008 1832 annos,
1033 1761 1129 1837 quoad

53 1843 117 1904 lieri
139 1843 251 1922 potnit,
274 1843 424 1922 digestam.
469 1844 541 1904 haec
564 1843 642 1920 quod
666 1843 777 1917 addidi,
805 1843 905 1904 multis
926 1852 1043 1922 gratum
1066 1845 1131 1904 lore

53 1940 152 2009 spero,
174 1927 199 1989 si
221 1946 323 1989 verum
346 1938 407 2002 est,
429 1929 508 2007 quod
532 1948 594 1989 non
617 1928 706 1989 semel
729 1928 901 2006 cognovisse
924 1929 994 1988 mihi
1018 1928 1130 2001 videor,

53 2034 101 2075 res
123 2013 289 2075 fabularum
311 2022 398 2093 atque
420 2014 558 2075 historiae
587 2014 692 2074 multas
715 2012 814 2074 multis
836 2013 986 2093 discipulis
1012 2014 1131 2091 ignotas

54 2119 127 2174 esse,
151 2118 212 2160 nou
229 2117 287 2178 quo
311 2099 424 2160 discere
441 2100 563 2160 omniuo
587 2099 692 2174 nolint,
714 2099 766 2160 sed
781 2097 859 2177 quod
881 2099 958 2159 unde
974 2101 1131 2160 commode

54 2185 168 2247 discant
190 2204 251 2245 nou
274 2184 394 2246 habent.

138 2269 240 2330 Restat
261 2277 294 2330 ut
316 2269 352 2328 de
371 2268 465 2329 variae
487 2268 622 2329 lectionis
645 2269 761 2329 delectu
784 2286 877 2346 pauca
899 2268 1002 2329 dicam.
1041 2287 1131 2348 quem

55 2354 108 2415 etsi
131 2353 166 2413 ab
189 2372 246 2414 usu
268 2353 433 2414 scholarum
458 2353 587 2414 alienum
607 2372 670 2415 esse
694 2373 755 2414 uon
778 2370 858 2414 eram
881 2354 1007 2427 nescius,
1031 2364 1130 2415 tamen

55 2438 221 2500 rationibus
250 2438 479 2518 bibliopolarum
508 2437 666 2499 obsecutus
694 2438 790 2500 addidi
819 2448 906 2517 atque
939 2439 1025 2499 etiarn
1054 2441 1131 2499 auxi.

56 2523 107 2585 sed
130 2531 163 2583 ut
184 2542 279 2584 essem
302 2541 390 2602 quarn
412 2522 610 2598 brevissimus,
634 2543 694 2584 non
714 2524 809 2585 solum
832 2523 932 2585 multis
948 2526 1133 2603 compendiis

56 2629 127 2671 usus
149 2627 230 2683 sum,
261 2609 370 2687 quibus
398 2609 592 2687 designantur
620 2628 687 2670 cum
711 2609 851 2670 vocabula
879 2609 1005 2671 auctoris
1028 2611 1133 2672 codicis

57 2695 300 2772 dittogrammatis
323 2694 442 2756 lacunae
465 2693 532 2754 libri
561 2694 734 2774 suspicionis
762 2713 879 2769 versus,
909 2695 986 2774 opud
1010 2704 1133 2774 praeter

57 2779 215 2841 secundum
230 2787 397 2858 ceteraque,
420 2797 496 2859 quae
511 2780 587 2840 inlra
610 2780 646 2840 de
661 2780 744 2841 libris
759 2779 938 2851 indicantur,
960 2789 1022 2839 turn
1041 2781 1132 2841 verba

57 2864 181 2927 addendi
205 2865 447 2926 commemorandi
470 2863 631 2926 coniciendi
654 2865 809 2926 damnandi
829 2864 1005 2943 defendendi
1029 2867 1132 2926 distin-

59 2949 168 3030 guendi
191 2949 372 3030 improbandi
394 2949 544 3012 indicandi
559 2949 678 3011 iubendi
694 2950 846 3012 omittendi
858 2950 1044 3030 proponendi
1060 2952 1133 3011 reci-

60 3034 160 3115 piendi
182 3033 346 3095 secludendi
368 3032 515 3096 statuendi
530 3035 741 3115 transponendi
757 3033 905 3096 tribuendi
926 3035 1057 3109 vocandi,
1081 3037 1133 3096 sed

59 3120 145 3181 etiam
167 3119 300 3199 singulos
321 3119 445 3198 singulis
465 3118 538 3180 locis
560 3138 734 3181 enumerare
757 3120 841 3181 omisi
861 3119 952 3180 libros
968 3123 1133 3181 manuscri-

59 3215 136 3284 ptos,
160 3205 210 3283 qui
233 3223 297 3265 eam
320 3223 407 3284 quam
423 3204 562 3283 scriptam
577 3205 643 3265 dedi
666 3205 824 3266 lectionem
841 3198 989 3265 exhibent.
1034 3216 1132 3268 tamen

59 3288 168 3369 quibus
191 3288 301 3368 ubique
322 3290 405 3351 libris
428 3290 580 3351 nitendum
604 3289 744 3364 videatur,
767 3290 851 3351 lacile
873 3300 971 3369 potest
992 3293 1134 3368 cognosci

59 3394 94 3435 ex
116 3374 220 3436 additis
241 3374 348 3436 tabulis
371 3393 472 3435 eorum
496 3375 640 3448 locorum,
667 3374 775 3453 quibus
796 3375 980 3454 singulorum
1003 3378 1136 3455 suppetit

59 3460 194 3522 codicum
224 3461 375 3521 memoria.
419 3460 594 3520 idoneorum
624 3459 758 3521 codicum
789 3478 931 3521 summam
961 3461 996 3520 ad
1024 3481 1136 3541 paucos

61 3564 201 3605 numeros
230 3544 363 3624 redigere
392 3545 523 3624 quamvis
551 3544 670 3619 vellem,
700 3555 797 3607 tamen
823 3566 883 3607 non
908 3546 1006 3628 potui;
1036 3566 1135 3627 neque

61 3631 139 3691 enim
169 3631 254 3704 mihi,
285 3641 317 3691 ut
344 3631 453 3691 multos
475 3630 652 3708 cognatione
682 3632 805 3708 quadam
832 3631 911 3691 inter
932 3650 963 3691 se
986 3632 1137 3693 contineri

60 3725 149 3794 patet,
173 3716 212 3776 ita
227 3725 336 3776 certam
353 3717 500 3794 originum
516 3715 659 3776 rationem
684 3716 815 3777 invenire
831 3716 922 3777 licuit.
961 3716 1049 3776 immo
1065 3736 1137 3779 vero

61 3819 237 3880 quamquam
261 3801 332 3861 mihi
361 3802 417 3899 ipsi
447 3819 591 3862 novorum
614 3801 748 3862 codicum
779 3801 862 3882 copia
892 3821 952 3861 non
983 3803 1057 3861 lacta
1082 3813 1138 3878 est,

60 3895 159 3947 tamen
183 3904 216 3946 ex
240 3885 363 3947 aliorum
387 3886 470 3947 libris
494 3905 554 3946 uon
578 3886 658 3946 nulla
682 3887 769 3948 habui
793 3906 868 3966 quae
891 3887 1038 3948 adderem.
