2286 4394
88 197 130 258 70
458 198 486 253 Ρ.
499 198 626 253 veroin
643 198 790 254 motus

89 390 144 434 nec
166 371 221 431 iam
245 371 384 433 furtivum
407 371 481 433 Dido
503 371 660 434 meditatur
679 391 830 448 amorem3

87 456 258 535 coniugium
281 466 380 527 vocat,
401 456 460 517 hoc
481 458 625 536 praetexit
646 458 769 519 nomine
791 459 921 540 culpam.

87 544 128 609 :cg
172 540 325 621 Extemplo
347 540 456 621 Libyae
478 559 600 620 magnas
621 543 644 603 it
666 542 754 604 dama
778 562 832 623 per
853 545 958 618 urbes,

87 627 189 699 Fama,
212 626 320 688 malum
344 644 402 705 qua
423 646 484 687 non
508 626 585 688 ahud
607 627 736 690 velocius
756 628 867 703 ullum;

86 711 246 775 mobilitate
268 712 345 791 viget
367 711 495 791 virisque
516 713 643 792 adquirit
663 712 778 787 eundn;

85 816 172 879 parva
195 805 274 857 metu
290 797 410 877 primo,
434 816 501 859 mor
523 816 589 859 sese
610 798 718 859 attollit
739 799 769 859 in
793 817 881 862 auras

86 882 306 963 ingrediturque
328 883 390 945 solo
414 890 443 943 et
464 890 553 962 caput
574 883 654 944 inter
674 882 776 944 nubila
798 884 909 946 condit.

85 969 163 1030 illam
186 967 276 1029 Terra
299 986 407 1048 parens
428 968 471 1028 ira
493 967 610 1029 inritata
632 969 756 1029 deorum

86 1064 260 1126 extremam,
285 1061 317 1114 ut
338 1052 512 1132 perhibent,
535 1052 613 1114 Coeo
636 1052 846 1133 Enceladoque
866 1073 1002 1119 sororem

86 1139 245 1220 progenuit
266 1137 390 1218 pedibus
412 1138 537 1198 celerem
560 1147 589 1199 et
611 1138 782 1217 pernicibus
803 1139 873 1214 alis,

85 1232 251 1286 monstrum
268 1222 460 1295 horrendum,
482 1223 599 1302 ingens,
621 1223 680 1297 cui,
703 1232 777 1303 quot
789 1233 862 1289 sunt
882 1243 1009 1307 corpore
1030 1227 1074 1307 plu

85 1317 128 1370 tot
150 1307 252 1388 vigiles
274 1306 367 1380 oculi;
389 1307 493 1368 subter
513 1307 660 1384 (mirabile
682 1303 776 1389 dictu)

83 1402 128 1455 tot
150 1393 282 1472 linguae,
305 1392 425 1452 totidem
449 1412 499 1453 ora
522 1405 646 1466 sonant,
667 1401 714 1454 tot
734 1393 862 1473 subrigit
883 1398 973 1460 auris.

84 1487 172 1540 nocte
195 1477 271 1539 volat
292 1477 364 1538 caeli
386 1478 483 1539 medio
506 1486 664 1557 terraeque
684 1497 741 1558 per
762 1477 897 1542 umbram

83 1564 212 1626 stridens
235 1581 291 1624 nec
313 1563 391 1624 dulci
413 1563 541 1624 declinat
562 1563 673 1625 lumina
695 1583 816 1641 somno;

85 1648 150 1710 luce
172 1648 254 1711 sedet
276 1658 376 1710 custos
397 1657 448 1710 aut
468 1649 577 1710 summi
599 1649 728 1711 culmine
749 1649 822 1711 tecti

84 1732 217 1796 turribus
240 1741 290 1795 aut
311 1734 377 1795 altis
399 1743 428 1795 et
450 1752 571 1813 magnas
593 1734 710 1795 territat
732 1733 821 1796 urbes

83 1827 141 1881 tam
165 1819 224 1881 llcti
248 1819 388 1900 pravique
409 1828 497 1880 tenax
519 1837 609 1899 quam
631 1820 736 1881 nuntia
758 1819 829 1880 veri.

84 1905 156 1968 haec
179 1914 240 1966 turn
263 1904 418 1985 multiplici
441 1904 568 1984 populos
589 1923 728 1967 sermone
751 1903 884 1984 replebat

83 1992 216 2070 gaudens
238 1999 267 2053 et
288 1990 399 2071 pariter
421 1990 496 2051 facta
518 1998 606 2070 atque
628 1990 738 2051 inlecta
761 1989 901 2051 canebat:

84 2077 198 2139 venisse
220 2077 338 2139 Aenean
362 2075 491 2137 Troiano
514 2074 658 2153 sanguine
680 2084 810 2149 cretum,

79 2163 126 2223 cui
149 2181 180 2225 se
203 2162 325 2242 pulchra
346 2161 408 2223 viro
431 2160 570 2240 dignetur
591 2160 716 2239 iungere
737 2161 835 2230 hians

80 2266 161 2310 nunc
183 2247 309 2308 hiemem
331 2246 410 2307 inter
430 2264 462 2308 se
484 2245 568 2319 luxu,
592 2263 679 2324 quarn
701 2246 812 2324 longa,
837 2245 936 2306 lovere

79 2349 241 2411 regnorum
263 2331 449 2392 immemores
472 2331 610 2410 turpique
632 2330 771 2410 cupidine
800 2339 912 2409 captos.

79 2418 151 2480 haec
173 2415 280 2496 passim
304 2416 357 2476 dea
379 2415 465 2476 foeda
485 2416 579 2477 virum
603 2416 740 2478 diffundit
767 2416 798 2477 in
822 2433 883 2478 ora.

82 2501 220 2581 protinus
242 2500 278 2561 ad
301 2517 401 2580 regem
419 2519 528 2563 cursus
549 2502 706 2580 detorquet
727 2501 833 2562 larban

83 2585 277 2665 incenditque
299 2585 430 2648 animum
453 2586 539 2648 dictis
561 2594 648 2665 atque
670 2594 790 2666 aggerat
812 2586 879 2647 iras.

170 2671 223 2732 llic
248 2671 410 2733 llammone
433 2681 514 2735 satus
535 2680 618 2751 rapta
642 2671 848 2733 Garamantide
870 2673 998 2753 nympha

82 2757 189 2836 templa
213 2756 272 2818 lovi
296 2767 415 2820 centurn
438 2757 503 2820 latis
524 2757 662 2819 immania
684 2756 801 2836 regnis,

80 2853 199 2906 centum
223 2862 288 2905 aras
311 2844 410 2924 posuit
432 2843 607 2924 vigilemque
629 2850 793 2904 sacraverat
814 2841 931 2920 ignem,

79 2928 218 2992 excubias
240 2929 336 2992 divom
358 2939 509 3005 aeternas;
532 2928 739 3009 pecudumque
761 2945 867 2988 cruore

80 3016 190 3096 pingue
213 3014 308 3076 solnm
332 3023 361 3077 et
383 3015 469 3077 variis
491 3015 626 3076 llorentia
650 3013 751 3074 limina
773 3012 869 3074 sertis.

77 3101 161 3179 isque
184 3117 285 3160 amens
308 3100 396 3160 animi
420 3107 449 3161 et
470 3116 591 3160 rumore
612 3117 757 3160 accensus
779 3115 878 3158 amaro

77 3184 185 3246 dicitur
207 3193 275 3244 aute
298 3202 362 3244 aras
383 3183 477 3244 media
500 3183 579 3244 inter
602 3183 724 3246 numina
746 3183 843 3245 divom

77 3270 167 3348 multa
191 3267 286 3329 lovem
311 3268 447 3329 manibus
468 3268 592 3347 supplex
616 3287 715 3331 orasse
738 3268 870 3348 supinis:

73 3347 220 3434 ‘luppiter
243 3353 448 3432 omnipotens,
472 3353 518 3413 cui
543 3372 624 3415 nunc
647 3353 794 3415 Maurusia
815 3352 901 3433 pictis

77 3458 150 3518 gens
173 3438 288 3519 epulata
311 3438 383 3501 toris
406 3438 554 3499 Lenaeum
577 3439 650 3499 libat
672 3439 833 3512 honorem,

76 3525 181 3606 aspicis
205 3520 298 3585 baec?
321 3543 358 3586 an
381 3531 426 3596 te,
449 3522 580 3602 genitor,
604 3541 671 3585 cum
695 3524 817 3584 fulmina
840 3531 977 3601 torques,

77 3612 256 3693 nequiquam
279 3611 447 3681 horremus,
472 3608 611 3687 caecique
633 3609 663 3668 in
688 3609 846 3669 nubibus
840 3626 924 3685 ignes

158 3724 224 3815 171
234 3776 285 3827 quo
308 3757 449 3828 P¹Vy²bcrr
474 3755 543 3809 Seru
631 3759 678 3809 182
704 3764 763 3823 post
788 3759 859 3808 oculi
881 3756 1042 3810 distinxitC
1062 3759 1076 3810 h

76 3826 158 3883 ZGW.
179 3779 252 3891 lfl'llq,
271 3831 328 3881 too.
399 3829 447 3879 193
466 3841 545 3892 quum
564 3825 654 3890 longa]
674 3840 832 3891 quocunque
850 3824 959 3878 lleidtm.
981 3829 1054 3891 1885,
1075 3835 1076 3847 ’

75 3896 125 3946 tot
143 3911 254 3945 macriora
269 3885 363 3945 ‘multi'
382 3909 422 3958 ap
441 3893 511 3944 Serv.
531 3893 573 3959 pl,
592 3893 641 3943 del.
655 3890 701 3942 llv.
723 3894 796 3957 1881,
814 3894 854 3944 85.
