2286 4394
457 107 617 162 audentes
633 108 693 164 ua.
711 110 743 163 X.

10 264 234 361 [dataeque
255 281 375 345 domus:
398 284 503 363 positis
524 284 669 364 inglorius
690 285 779 346 armis

10 364 165 446 exigat
185 368 235 428 hic
256 386 369 430 aevum.
413 387 520 448 magna
542 369 674 442 dicione,
697 369 814 441 iubeto,

72 453 217 532 ambago
239 462 354 533 premat
375 454 551 529 Ausoniam;
574 455 646 516 nihil
667 454 794 516 urbibus
817 456 885 516 inde

10 526 198 619 „obstabit
219 538 325 619 Tyriis.
370 539 439 618 quid
462 547 573 620 pestem
597 540 718 602 evadere
741 539 809 601 belli

10 618 142 684 Ruit
162 632 191 684 et
211 624 366 702 Argolicos
386 625 517 686 medium
540 626 648 706 fugisse
671 645 725 706 per
746 625 823 703 ignis

11 694 172 787 itmque
193 711 283 771 maris
303 717 460 789 vastaeque
482 711 621 773 exhausta
643 711 774 791 pericula
796 721 906 782 terrae,

24 776 139 853 ‘lum
162 792 278 855 latium
301 794 410 855 'leucri
430 794 616 876 recidivaque
639 797 779 876 Pergama
802 793 970 874 quaerunt?

29 876 132 938 lion
155 880 247 941 satius
268 879 385 942 cineres
406 881 516 960 patriae
538 881 680 944 insedisse
702 900 857 961 supremos

30 960 157 1043 ⁸tque
178 965 292 1039 solum,
315 984 375 1044 quo
396 965 484 1026 Troia
506 964 583 1027 luit?
605 966 756 1028 Xanthum
778 974 808 1027 et
829 966 980 1027 Simoenta

32 1044 177 1127 Redde,
200 1069 270 1125 oro,
292 1050 407 1112 miseris
428 1051 596 1131 iterumque
618 1052 768 1113 revolvere
790 1070 875 1113 casus

29 1118 119 1208 fla,
142 1143 243 1214 pater,
267 1134 370 1197 lliacos
391 1129 532 1198 aeneus?
556 1172 598 1181 —
620 1147 683 1197 tum
705 1137 785 1217 regia
807 1138 882 1198 luno

35 1220 129 1280 fleta
152 1221 257 1282 furore
278 1222 373 1299 gravi:
394 1213 477 1300 ‘quid
500 1241 547 1282 me
570 1223 626 1283 alta
649 1223 763 1283 silentia
786 1223 867 1302 cogis

35 1304 209 1385 l*umpere
231 1315 261 1366 et
282 1306 442 1368 obductum
464 1307 561 1369 verbis
582 1308 699 1386 volgare
721 1306 875 1369 dolorem?

37 1378 189 1452 Aenean
213 1390 367 1453 hominum
388 1391 544 1471 quisquam
567 1393 722 1472 divomque
744 1393 862 1473 subegit

37 1458 142 1537 bella
165 1476 252 1554 sequi
273 1484 324 1538 aut
344 1478 461 1539 hostem
483 1478 545 1557 regi
568 1496 600 1539 se
622 1479 733 1539 inferre
756 1475 886 1539 Latino?

39 1546 180 1622 ltaliam
202 1561 287 1641 petiit
309 1562 375 1624 latis
397 1563 584 1635 auctoribus,
607 1572 688 1635 esto,

45 1640 249 1709 Cassandrae
271 1647 415 1727 impulsus
436 1648 534 1711 furiis:
558 1667 629 1710 num
651 1649 787 1726 linquere
810 1655 904 1707 castra

44 1724 177 1794 hortati
200 1749 303 1794 sumus
324 1741 374 1794 aut
394 1734 482 1795 vitam
504 1734 688 1794 committere
710 1729 827 1793 ventis‘l

47 1830 139 1880 num
162 1835 259 1896 puero
280 1836 426 1880 summam
448 1817 528 1892 belli,
550 1838 623 1880 num
645 1817 766 1880 credere
788 1813 911 1877 muros?
1113 1821 1126 1870 t

50 1898 314 1984 Tyrrhenamque
336 1904 423 1964 iidem
445 1912 496 1964 aut
517 1905 613 1984 gentis
636 1904 746 1984 agitare
769 1898 903 1980 quietas?

51 1988 132 2068 quis
156 1987 232 2050 deus
253 1988 285 2048 in
306 1989 451 2065 fraudem,
474 2007 550 2069 quae
572 1991 646 2050 dura
668 1987 801 2069 potentia
825 1986 919 2047 nostri

55 2071 150 2154 egit?
173 2071 226 2133 ubi
247 2074 296 2134 hic
317 2073 393 2135 luno
415 2074 574 2136 demissave
596 2075 727 2136 nubibus
748 2070 825 2134 lris‘l

54 2157 226 2238 indignum
247 2166 291 2220 est
312 2158 400 2222 ltalos
421 2159 538 2221 Troiam
561 2160 744 2221 circumdare
767 2157 891 2219 flammis

59 2251 242 2306 nascentem
265 2253 295 2305 et
315 2244 409 2324 patria
430 2245 566 2305 Turnum
589 2246 752 2307 consistere
776 2253 869 2316 terra,

10 2344 20 2365 ⁸
60 2329 111 2391 cui
136 2328 295 2391 Pilumnus
316 2348 400 2405 avus,
423 2331 471 2391 cui
494 2331 556 2390 diva
579 2330 690 2392 Venilia
714 2338 820 2390 mater:

62 2415 136 2494 quid
160 2415 226 2474 lace
247 2414 391 2477 Troianos
413 2424 476 2477 atra
497 2415 555 2475 vim
577 2417 654 2477 serre
676 2415 802 2487 Latinis,

63 2518 131 2560 arva
155 2498 253 2560 aliena
274 2500 343 2580 iugo
364 2519 501 2580 premere
523 2509 611 2579 atque
633 2511 764 2562 avertere
786 2495 931 2579 praedas?

65 2583 139 2664 quid
161 2602 283 2646 soceros
303 2586 402 2664 legere
424 2594 454 2647 et
475 2586 594 2665 gremiis
616 2586 763 2648 abducere
785 2593 900 2665 pactas,

64 2687 171 2750 pacem
194 2687 279 2730 orare
301 2689 406 2746 manu,
429 2672 592 2751 praefigere
614 2672 764 2752 puppibus
786 2667 888 2731 armai

65 2764 97 2817 tu
119 2761 209 2836 potes
229 2756 349 2817 Aenean
372 2755 510 2818 manibus
531 2755 696 2818 subducere
719 2756 838 2816 Graium

65 2856 185 2919 proque
205 2839 269 2900 viro
292 2840 430 2902 nebulam
454 2850 484 2902 et
503 2851 607 2903 ventos
629 2841 792 2903 obtendere
814 2837 911 2899 inanis

67 2934 95 2985 et
117 2933 206 3004 potes
227 2924 258 2985 in
280 2925 403 2987 totidem
425 2927 546 2988 classem
569 2934 742 2988 convertere
766 2924 926 3005 nymphas:

67 3028 123 3072 nos
145 3009 257 3088 aliquid
278 3011 403 3074 Rutulos
425 3020 528 3073 contra
550 3012 657 3074 iuvisse
679 3012 839 3073 nefandum
861 3003 926 3069 est?

63 3087 205 3157 “Aeneas
225 3094 348 3174 ignarus
368 3093 479 3159 abest.''
525 3098 646 3177 ignarus
667 3106 697 3158 et
718 3096 807 3158 absitl
1111 3099 1139 3152 8·

66 3189 111 3242 est
134 3179 255 3260 Paphus
276 3179 457 3262 ldaliumque
479 3183 548 3256 tibi,
571 3193 641 3244 sunt
663 3183 719 3243 alta
742 3182 882 3263 Cythera:

66 3265 138 3344 quid
161 3265 309 3344 gravidam
331 3266 416 3329 bellis
438 3267 542 3328 urbem
564 3276 594 3329 et
616 3267 704 3328 corda
727 3284 831 3345 aspera
852 3262 998 3344 temptas?

21 3351 26 3359 “
66 3369 164 3412 nosne
186 3350 240 3411 tibi
261 3351 355 3413 lluxas
375 3353 518 3433 Phrygiae
540 3371 588 3414 res
610 3362 723 3414 vertere
745 3350 837 3411 tundo

65 3433 236 3497 conamur?
258 3434 336 3498 nos?
359 3455 395 3497 an
419 3438 541 3499 miseros
564 3439 614 3516 qui
635 3439 729 3498 Troas
750 3434 866 3496 Achivis

153 3589 186 3640 bt
213 3584 280 3648 satir
300 3590 380 3654 petiit
402 3583 528 3639 ‘nonnulli
555 3586 690 3638 admodum
715 3579 822 3637 vetusti’
847 3583 937 3648 Pierii,
965 3580 1049 3647 Haupt
1074 3583 1140 3631 auct.

65 3654 170 3710 Lacbm.
182 3655 255 3708 Lucr.
269 3657 327 3709 208.
405 3659 437 3709 tn
455 3658 541 3707 nostri
552 3654 604 3715 lll¹;
624 3654 656 3707 cl.
668 3654 701 3705 lV
715 3655 771 3706 237.
791 3650 843 3702 Vlll
857 3653 914 3704 514.
949 3652 1042 3702 nostra
1060 3651 1108 3702 cet.
1122 3647 1139 3699 l.

65 3723 126 3776 Led.
139 3722 216 3775 lttbh.
297 3727 329 3777 ta
347 3727 433 3776 socios
450 3722 541 3776 llollm.
562 3724 601 3775 20.
652 3724 771 3788 gremiis]
788 3721 897 3786 gruario
914 3717 1044 3771 ontoner
1056 3718 1139 3772 llerm.

68 3795 143 3858 rava,
162 3793 222 3845 aua.
309 3794 340 3845 aa
359 3793 394 3859 ev]
414 3798 443 3844 to
460 3791 550 3844 uario.
570 3791 634 3846 sut.
652 3791 677 3843 s
695 3790 726 3843 tu
744 3793 767 3856 a,
786 3791 832 3851 en
851 3788 925 3840 aton.
