2474 4388
140 225 202 284 174
516 224 544 276 P.
557 223 686 278 VERGlLl
702 224 848 277 Minurus

139 398 306 471 extuderat,
330 409 427 460 castae
449 396 598 459 ducebant
619 415 702 458 sacra
724 415 780 477 per
801 396 907 459 urbem

137 483 257 563 pilentis
280 493 389 544 matres
410 483 442 544 in
465 482 614 543 mollibus.
637 516 678 527 —
700 482 771 544 binc
793 484 899 562 procul
921 484 1001 545 addit

137 569 290 629 Tartareas
313 569 398 629 etiam
422 568 522 640 sedes,
545 566 601 628 alta
625 567 699 628 ostia
720 567 807 641 Ditis,

137 661 167 713 et
188 653 334 714 scelerum
356 671 469 732 poenas
491 661 521 713 et
543 661 587 726 te,
611 651 748 726 Catilina,
771 652 880 732 minaci

136 737 316 816 pendentem
338 737 461 817 scopulo
484 737 688 816 furiarumque
711 756 763 797 ora
785 745 964 799 trementem

136 831 326 901 secretosque
346 823 427 903 pioS,
449 823 495 884 his
517 822 636 882 dantem
658 822 723 882 iura
746 821 897 884 Catonern.

223 907 301 970 llaec
323 908 403 969 iuter
424 907 530 968 tumidi
550 907 609 967 late
630 907 721 969 maris
743 907 804 968 ibat
825 907 922 988 imago

136 1011 240 1066 aurea,
263 992 315 1054 sed
336 993 428 1054 fluctu
450 991 629 1072 spumabant
650 992 765 1053 caerula
789 1010 879 1066 cano,

136 1087 166 1138 et
189 1078 301 1139 circum
323 1086 446 1157 argento
469 1077 540 1137 clari
562 1076 716 1157 delphines
737 1077 769 1138 in
792 1076 896 1138 orbern

137 1181 265 1241 aequora
287 1162 445 1223 verrebant
467 1162 567 1223 caudis
589 1171 763 1240 aestumque
785 1161 934 1224 secabant.

135 1247 166 1308 in
190 1247 286 1308 medio
310 1246 410 1309 classis
432 1254 559 1323 aeratas,
582 1246 665 1308 Actia
687 1246 777 1320 bella,

136 1350 261 1392 cernere
283 1340 361 1405 erat,
384 1339 540 1410 totumque
563 1332 710 1393 instructo
733 1332 825 1392 Marte
846 1330 961 1393 videres

136 1416 250 1477 fervere
273 1416 422 1477 Leucaten
445 1435 579 1497 auroque
602 1416 744 1496 effulgere
766 1417 884 1477 fluctus.
947 1443 950 1452 ·

135 1500 205 1561 hinc
227 1501 377 1580 Augustus
399 1520 490 1581 agens
507 1501 600 1563 ‚ltalos
621 1502 653 1562 iu
676 1501 787 1581 proelia
812 1501 917 1562 Caesar

136 1585 359 1665 compatribus
381 1586 569 1666 populoque,
591 1585 750 1666 penatibus
773 1593 803 1647 et
823 1585 939 1662 maguis
961 1585 1022 1659 dis,

135 1676 217 1731 stans
240 1670 317 1732 celsa
339 1671 370 1731 iu
393 1672 502 1751 puppi,
525 1672 659 1750 geminas
681 1671 728 1732 cui
751 1680 888 1752 tempora
910 1670 1041 1732 dammas
1175 1679 1212 1731 000

135 1755 210 1815 laeta
232 1764 356 1817 vomunt
378 1757 567 1836 patriumque
591 1757 722 1837 aperitur
743 1757 854 1817 vertice
875 1755 971 1831 sidus3

135 1849 218 1918 parte
240 1840 295 1901 alia
318 1842 412 1902 ventis
434 1848 464 1902 et
486 1841 530 1903 dis
553 1842 682 1921 Agrippa
704 1840 843 1902 secundis

135 1924 245 1986 arduus
267 1944 372 2004 agmen
396 1942 501 2003 agens,
524 1927 587 2001 cui,
611 1925 679 1986 belli
701 1925 819 2004 insigne
841 1924 1019 2005 superbum,

135 2018 269 2089 tempora
293 2010 386 2071 navali
408 2010 531 2090 fulgent*
545 2008 671 2072 rostrata
694 2029 814 2072 corona.

134 2093 205 2155 hinc
228 2114 284 2174 ope
307 2094 462 2156 barbarica
483 2096 629 2176 variisque
652 2096 800 2157 Antonius
821 2095 926 2168 armis,

134 2178 228 2239 victor
249 2179 286 2240 ab
308 2183 440 2242 Aurorae
462 2181 581 2260 populis
603 2188 634 2242 et
655 2181 742 2241 litore
762 2179 868 2252 rubro,

134 2263 298 2344 Aegyptum
321 2265 450 2345 virisque
474 2265 604 2327 Orientis
626 2275 657 2326 et
678 2263 780 2326 ultima
802 2282 903 2326 secum

135 2347 239 2409 Bactra
263 2349 354 2424 vehit,
377 2349 571 2428 sequiturque
594 2351 721 2428 (nelasl)
744 2349 886 2430 Aegyptia
909 2346 1048 2409 coniunx.
1074 2380 1115 2391 -

134 2451 193 2493 una
216 2452 320 2494 omnes
342 2452 429 2494 ruere
451 2453 486 2495 ac
507 2442 603 2496 totum
625 2452 764 2514 spumare
786 2433 917 2495 reductis

134 2517 308 2579 convolsum
329 2518 418 2579 remis
439 2519 604 2598 rostrisque
625 2517 805 2581 tridentibus
826 2536 948 2598 aequor.
1173 2527 1216 2577 000

133 2601 190 2662 alta
211 2611 331 2682 petunt3
354 2602 457 2683 pelago
480 2603 581 2666 credas
604 2604 710 2665 innare
729 2603 857 2664 revolsas

135 2685 273 2766 Cycladas
295 2697 345 2750 aut
366 2688 476 2749 montis
498 2707 678 2750 concurrere
699 2687 852 2750 montibus
873 2687 961 2750 altos:

133 2780 214 2832 tauta
236 2771 314 2833 mole
336 2773 390 2833 viri
412 2773 526 2835 turritis
547 2773 699 2854 puppibus
720 2774 841 2836 instant.

132 2864 257 2938 stuppea
279 2858 395 2919 damma
418 2876 507 2920 manu
529 2859 654 2937 telisque
676 2858 791 2920 volatile
813 2859 926 2919 lorrurn

132 2943 293 3023 spargitur,
316 2960 383 3003 arra
404 2962 479 3004 nova
501 2943 651 3023 Neptunia
672 2944 761 3004 caede
783 2943 956 3004 rubescunt.
1172 2949 1216 2999 000

131 3028 233 3106 regina
256 3028 287 3088 iu
310 3026 414 3088 mediis
436 3027 533 3107 patrio
555 3035 642 3089 vocat
662 3027 781 3107 agmina
802 3028 891 3090 sistro
932 3047 934 3050 ·

133 3112 261 3172 necdum
284 3112 370 3173 etiam
393 3113 527 3190 geminos
549 3129 566 3173 a
588 3120 672 3192 tergo
695 3113 816 3193 respicit
837 3111 961 3191 anguis3

133 3196 385 3276 omnigenumque
407 3199 494 3258 deum
516 3206 650 3258 monstra
673 3205 703 3258 et
724 3197 846 3259 latrator
868 3195 982 3257 Anubis

134 3289 238 3341 contra
260 3280 433 3360 Neptunum
456 3289 485 3343 et
507 3281 652 3343 Venerem
675 3292 839 3361 contraque
862 3281 1022 3343 Minervam

133 3366 189 3426 tela
212 3375 325 3426 teuent.
369 3367 459 3428 saevit
480 3366 577 3428 medio
599 3367 630 3428 in
654 3368 815 3429 certamine
838 3367 952 3428 blarors
1173 3373 1217 3423 000

133 3450 260 3512 caelatus
280 3451 360 3512 ferro
383 3452 540 3530 tristesque
563 3472 598 3513 ex
620 3453 738 3514 aethere
762 3453 861 3527 Dirae,
894 3471 896 3474 ’

133 3544 162 3597 et
183 3537 274 3597 scissa
295 3536 427 3615 gaudens
448 3536 526 3597 vadit
547 3537 698 3599 Discordia
720 3537 811 3618 palla,

217 3688 267 3739 666
285 3689 349 3738 binc
360 3722 367 3737 .
380 3724 387 3738 .
401 3686 526 3739 Catonem
542 3688 592 3739 oto
613 3701 671 3739 cum
684 3686 784 3740 Peerlk.
798 3687 859 3738 secl.
873 3684 959 3737 Golsr.
1023 3685 1072 3735 600
1091 3684 1136 3732 bie
1155 3680 1217 3733 Lad.

133 3755 181 3806 685
200 3753 456 3821 Pbordirquolleins.
528 3757 578 3808 694
597 3755 746 3822 teliquell‘l
759 3754 817 3807 Lod.
855 3749 1014 3819 tellioquoll
1068 3750 1118 3803 698
1139 3752 1217 3815 nige-

130 3821 305 3942 fflffigg
326 3821 409 3955 1523?
420 3821 644 3943 8lslsp'lr'gomcmque
668 3823 768 3876 baclun.
787 3824 859 3876 Lucr.
878 3824 936 3875 292.
990 3823 1218 3884 omnigenumque
