2286 4394
45 205 104 264 180
411 203 440 256 P.
453 201 579 255 venatu
598 201 745 256 lleONlS

42 379 72 439 lri
95 377 146 438 tibi
169 376 347 436 Nomentum
371 384 400 434 et
422 375 530 435 Gabios
552 372 717 452 urbemque
739 374 900 450 Fidenam,

43 463 71 523 lri
95 460 253 523 Collatinas
276 460 430 537 imponent
452 458 604 521 montibus
626 477 724 532 arces,

43 546 190 607 Pometios
214 545 408 622 Castrumque
429 544 496 605 lnui
520 544 681 622 Bolamque
704 543 881 625 Coramque.
1072 556 1105 607 tu

43 632 113 692 baec
136 639 197 691 tum
222 629 341 690 nomina
364 640 467 700 erunt,
492 647 573 689 nunc
594 638 665 690 sunt
687 629 751 690 sine
774 631 899 692 nomine
922 640 1027 699 terrae.

43 717 114 794 quin
138 724 167 776 et
189 733 241 774 avo
265 714 401 774 comitem
424 732 488 774 sese
511 714 669 775 Mavortius
691 713 778 775 addet

42 801 201 871 Romulus,
225 799 356 859 Assaraci
380 817 468 876 quem
491 798 644 876 sanguinis
668 798 718 859 llia
741 807 836 860 mater

43 886 157 947 educet.
202 885 304 956 siden,
329 893 361 942 ut
382 883 517 961 geminae
539 892 618 944 stant
639 883 747 944 vertice
769 884 877 947 cristae

43 980 72 1031 et
94 979 178 1051 pater
200 970 263 1049 ipse
286 987 340 1029 suo
363 986 502 1047 superum
526 968 582 1028 iam
605 968 703 1046 signat
724 968 865 1031 honore?

44 1075 98 1128 en,
121 1056 222 1129 buius,
246 1061 329 1127 nate,
351 1053 489 1130 auspiciis
512 1052 559 1113 illa
581 1053 691 1113 incluta
713 1052 807 1115 Roma

44 1141 199 1221 imperium
222 1139 322 1210 terris,
345 1138 460 1198 animos
482 1137 620 1216 aequabit
642 1137 768 1216 Olympo

42 1233 215 1304 septemque
237 1242 296 1283 una
319 1221 373 1283 sibi
396 1240 482 1283 muro
505 1221 697 1283 circumdabit
718 1241 816 1298 arces,

43 1309 111 1368 lelix
134 1307 217 1387 prole
239 1307 348 1379 virum,
378 1308 472 1385 qualis
495 1306 667 1387 Berecyntia
689 1317 784 1368 mater

43 1393 191 1452 invehitur
213 1410 301 1451 curru
324 1392 466 1472 Phrygias
488 1392 594 1453 turrita
615 1410 670 1471 per
691 1391 797 1467 urbes,

43 1477 116 1538 laeta
140 1476 225 1536 doum
250 1486 349 1554 partu,
373 1487 492 1537 centum
515 1477 665 1555 complexa
689 1487 829 1557 nepotes,

44 1561 139 1622 omnis
161 1561 326 1632 caelicolas,
350 1562 447 1622 omnis
468 1579 575 1640 supera
596 1561 652 1621 alta
676 1563 815 1624 tenentis.
838 1597 880 1609 -

42 1647 100 1706 huc
123 1646 254 1724 geminas
277 1664 358 1706 nunc
380 1646 464 1706 llecte
487 1647 578 1719 acies,
602 1646 678 1707 hanc
701 1647 799 1725 aspice
821 1657 942 1727 gentem

43 1730 252 1808 Romanosque
274 1740 350 1790 tuos.
396 1731 443 1791 bic
466 1730 571 1791 Caesar
594 1740 623 1791 et
646 1731 743 1792 omnis
764 1732 821 1794 luli

9 1856 12 1861 >
42 1816 201 1895 progenies
223 1833 362 1893 magnum
386 1816 458 1876 caeli
480 1827 604 1876 ventura
626 1815 681 1877 sub
705 1833 798 1877 axem.

7 1898 9 1969 J
44 1901 90 1962 bic
113 1901 171 1973 vir,
194 1900 242 1960 hic
265 1909 324 1972 est,
348 1900 400 1960 tibi
424 1919 511 1979 quem
534 1900 665 1979 promitti
688 1902 806 1980 saepius
829 1904 928 1981 audis,

42 1988 191 2064 Augustus
215 1984 335 2057 Caesar,
358 1985 414 2045 divi
437 2004 546 2062 genus:
577 2003 665 2046 aurea
688 1986 798 2048 condet

42 2071 156 2132 saecula
181 2071 231 2150 qui
254 2089 357 2131 rursus
378 2070 461 2130 Latio
484 2079 605 2147 regnata
625 2089 679 2149 per
701 2088 768 2131 arva

43 2157 171 2216 Saturno
195 2156 359 2233 quomlam;
389 2173 479 2233 super
501 2165 530 2215 et
552 2155 744 2217 Garamantas
766 2165 795 2218 et
817 2156 908 2220 ludos

42 2243 175 2318 proleret
196 2240 352 2319 imperium
374 2240 461 2315 (iacet
483 2249 564 2300 extra
586 2238 681 2300 sidera
704 2240 807 2316 tellus,

43 2333 123 2385 extra
145 2324 215 2383 anni
239 2324 367 2400 solisque
389 2325 464 2396 vias,
488 2324 537 2384 ubi
561 2324 678 2385 caelifer
700 2325 780 2387 Atlas

42 2427 125 2469 axem
147 2426 250 2467 umero
274 2416 392 2485 torquet
415 2408 506 2469 stellis
527 2409 700 2470 ardentibus
722 2411 851 2489 aptum);

42 2492 129 2552 buius
152 2492 181 2551 in
206 2492 362 2551 adventum
385 2492 441 2551 iam
466 2511 547 2554 nunc
570 2505 598 2554 et
621 2493 723 2572 Caspia
746 2513 837 2574 regna

42 2576 192 2654 responsis
216 2576 337 2636 lrorrent
359 2576 454 2636 divom
479 2588 507 2638 et
528 2579 650 2639 Maeotia
673 2579 760 2641 tellus

42 2669 72 2721 ot
93 2660 317 2740 septemgemini
340 2661 462 2722 turbant
483 2664 596 2741 trepida
620 2665 692 2725 ostia
714 2664 780 2724 Nili.

43 2766 97 2807 nec
120 2763 188 2805 vero
212 2745 327 2806 Alcides
350 2756 464 2807 tantum
486 2748 598 2809 telluris
621 2748 727 2820 obivit,

42 2832 137 2893 fixerit
159 2830 324 2910 aeripedem
347 2851 460 2893 cervam
484 2833 551 2893 licet
572 2842 622 2893 aut
645 2832 818 2913 Erymanthi

41 2917 153 2996 pacarit
176 2935 295 2977 nemora
319 2928 348 2977 et
371 2918 496 2978 Lernam
519 2919 718 2979 tremefecerit
739 2935 826 2992 arcu;

42 3021 113 3074 nec,
137 3002 186 3079 qui
209 3002 374 3081 pampineis
395 3004 488 3063 victor
509 3003 575 3081 iuga
598 3003 689 3063 flectit
710 3002 851 3077 habenis,

40 3086 145 3157 Liber,
170 3104 260 3164 agens
282 3086 359 3146 celso
382 3087 475 3166 Nysae
498 3089 534 3148 de
556 3088 665 3148 vertice
687 3087 780 3166 tigris.

40 3179 70 3230 et
93 3169 260 3230 dubitamus
282 3171 376 3232 adbuc
399 3172 533 3232 virtutem
557 3172 717 3235 extendere
738 3173 822 3234 lactis

40 3264 91 3314 aut
113 3264 209 3314 metus
231 3256 359 3316 Ausonia
382 3257 521 3335 probibet
543 3257 705 3319 consistere
726 3254 828 3318 terrai
851 3290 892 3302 —

40 3340 106 3417 quis
128 3339 234 3418 procul
256 3340 304 3399 ille
327 3350 423 3402 autem
448 3342 535 3404 ramis
557 3342 683 3422 insignis
705 3342 796 3403 olivae

120 3527 169 3578 tao
187 3528 322 3590 superum]
333 3541 448 3590 pateram
461 3524 560 3578 Peerlli.
614 3529 741 3578 bonorem
754 3527 794 3588 a¹;
813 3526 881 3579 idem
893 3527 960 3580 coni.
974 3525 1048 3579 eruo
1061 3531 1117 3582 teo.

41 3595 88 3646 '187
107 3610 188 3659 super
207 3594 261 3644 alta
281 3591 391 3643 lll¹PRb¹
405 3593 479 3645 Ribb.
513 3599 675 3664 ruperatay
762 3597 808 3647 tet
829 3598 873 3645 oir
889 3610 940 3648 om.
958 3593 1044 3648 Benll.

44 3664 119 3728 suala
139 3663 199 3713 secl.
218 3661 317 3714 Peerlk.
422 3663 472 3714 806
489 3665 590 3713 virtute
607 3664 714 3714 entend.
732 3666 802 3714 uires
820 3662 931 3715 Pllalem
951 3662 1026 3716 Ribb.
1063 3666 1118 3715 oir-

43 3734 143 3781 tutem.
157 3767 164 3781 .
177 3733 247 3780 uires
258 3732 285 3799 7¹
300 3728 435 3780 Diomedes
448 3732 506 3792 417,
521 3733 559 3782 ll.
595 3734 714 3782 uirtute.
728 3771 734 3783 .
747 3729 848 3791 fumum
862 3730 961 3791 Burm.;
981 3731 1116 3786 caxae&

38 3799 154 3848 virtuti.
168 3835 174 3848 .
187 3801 258 3847 vires
276 3797 365 3848 llollm.
380 3795 446 3849 ZdG.
462 3798 535 3859 1853,
548 3799 606 3849 513.
642 3802 767 3850 uirtutem
785 3800 923 3851 intendere
940 3797 1026 3862 factis
1043 3814 1116 3868 prop.

39 3861 78 3913 ttt.
156 3867 206 3917 808
224 3868 283 3929 quta
302 3901 327 3918 ..
345 3865 435 3925 ferens
453 3867 502 3918 809
520 3866 621 3917 Aeneae
639 3867 697 3918 trib.
717 3866 808 3933 Wagn.
