2286 4394
456 122 617 176 nunninus
634 122 693 176 LlB.
703 122 754 176 Vll.

31 294 243 376 cornipedes
264 303 404 356 arcentur
426 295 509 373 equi,
532 293 611 373 quod
634 294 720 354 litore
742 311 863 354 currum

37 389 93 440 et
113 380 252 441 iuvenem
275 379 416 441 monstris
437 379 532 458 pavidi
555 377 685 439 alludere
708 379 838 440 marinis

43 464 141 526 filius
163 464 295 527 ardentis
316 465 393 525 haud
416 465 508 525 sotius
528 481 657 542 aequore
680 464 775 542 campi

44 549 222 611 exercebat
244 568 338 628 equos
360 567 509 628 curruque
532 548 561 609 in
586 547 662 609 bella
684 547 798 609 ruebat.

150 634 218 714 Ipse
240 634 321 695 inter
341 633 454 713 primos
483 633 645 713 praestanti
667 651 793 712 corpore
816 632 935 692 Turnus

48 718 190 780 vertitur
211 736 292 779 arma
315 727 421 780 tenens
444 725 473 779 et
494 726 555 780 toto
577 717 687 777 vertice
709 735 799 797 supra
821 725 874 777 est.

50 803 111 863 cui
135 802 245 882 triplici
267 803 374 864 crinita
395 802 464 865 iuba
485 803 567 882 galea
589 802 646 862 alta
668 802 851 863 Chimaeram

49 887 194 948 sustinet
215 887 362 949 Aetnaeos
384 889 534 949 efflantem
554 884 690 948 lancibus
711 886 803 965 ignis,

54 979 123 1033 tam
147 973 240 1051 magis
260 972 310 1033 illa
332 973 463 1035 fremens
485 980 514 1033 et
534 970 668 1033 tristibus
690 972 780 1032 effera
801 971 942 1044 dammis,

56 1075 154 1135 quam
177 1057 271 1136 magis
293 1057 387 1120 effuso
410 1058 589 1120 crudescunt
610 1056 756 1136 sanguine
777 1075 905 1136 pugnae.

56 1150 93 1202 at
116 1141 211 1202 levem
233 1142 363 1221 clipeum
384 1142 507 1203 sublatis
529 1140 671 1202 cornibus
692 1141 725 1201 lo

58 1243 139 1286 auro
162 1226 338 1305 insignibat,
361 1227 418 1288 iam
442 1227 529 1289 saetis
551 1225 663 1300 obsita,
686 1225 833 1301 iambos,

59 1313 287 1390 (argumentum
308 1312 426 1391 ingens)
449 1319 479 1372 et
500 1319 600 1373 custos
621 1311 743 1390 virginis
765 1310 862 1390 Argus

58 1396 235 1474 caelataque
257 1415 374 1457 amnem
397 1397 526 1458 fundens
548 1404 632 1476 pater
654 1395 780 1457 lnachus
801 1413 886 1457 urna.

60 1481 234 1560 insequitur
255 1481 374 1542 nimbus
394 1482 526 1562 peditum
550 1481 733 1560 clipeataque
755 1481 824 1542 totis

61 1566 184 1644 agmina
204 1567 369 1627 densentur
390 1567 500 1645 campis
522 1565 687 1644 Argivaque
710 1565 804 1644 pubes

65 1653 282 1729 Auruncaeque
304 1669 425 1726 manus,
448 1651 549 1712 Rutuli
570 1658 745 1727 veteresque
768 1649 866 1710 Sicani

66 1744 96 1797 et
118 1734 266 1797 Sacranae
287 1735 365 1796 acies
386 1743 416 1796 et
437 1736 509 1816 picti
532 1742 614 1796 scuta
637 1733 753 1807 Labioi;

66 1821 118 1900 qui
140 1819 246 1895 saltus,
270 1819 424 1896 Tiberine,
446 1828 514 1882 tuos
535 1837 711 1897 sacrumque
733 1817 849 1879 Numici

65 1905 135 1967 litus
158 1912 243 1966 arant
264 1903 449 1983 Rutulosque
472 1912 613 1966 exercent
634 1920 752 1964 vomere
775 1902 857 1963 collis

67 1989 280 2068 Circaeumque
300 1989 418 2067 iugum,
441 1990 510 2069 quis¹
529 1989 662 2069 luppiter
685 1988 824 2049 Anxurus
846 1987 921 2049 arvis

66 2074 215 2153 praesidet
236 2081 265 2134 et
285 2074 369 2135 viridi
391 2075 524 2154 gaudens
546 2074 672 2134 Feronia
694 2074 778 2149 luco;

66 2177 125 2239 qua
149 2159 272 2221 Saturae
294 2159 370 2221 iacet
391 2167 453 2220 atra
475 2160 560 2238 palus
581 2159 755 2237 gelidusque
777 2175 832 2237 per
852 2157 925 2218 imas

66 2243 182 2322 quaerit
204 2244 261 2305 iter
282 2244 371 2304 valles
393 2251 481 2322 atque
503 2245 533 2305 in
557 2261 638 2304 mare
661 2243 800 2303 conditur
822 2241 922 2304 Ufens.

152 2327 215 2389 llos
235 2345 328 2409 super
348 2328 465 2390 advenit
486 2328 591 2390 Volsca
613 2327 649 2388 de
671 2336 760 2407 gente
784 2327 903 2389 Camilla

67 2429 172 2490 agmen
196 2430 287 2493 agens
309 2413 441 2492 equitum
464 2420 494 2474 et
515 2412 649 2474 florentis
671 2430 739 2473 aere
762 2422 908 2486 catervas,

66 2496 217 2570 bellatrix,
242 2515 303 2559 non
326 2498 375 2559 illa
397 2498 462 2560 colo
485 2498 641 2559 calathisve
664 2497 811 2558 Minervae

66 2582 210 2644 femineas
231 2582 351 2643 adsueta
373 2601 493 2656 manue,
515 2582 567 2644 sed
590 2582 700 2661 proelia
722 2582 804 2661 virgo

66 2667 139 2728 dura
162 2667 222 2746 pati
245 2685 393 2746 cursuque
414 2667 524 2748 pedum
546 2676 732 2746 praevertere
754 2675 867 2728 ventos.

67 2751 115 2811 illa
136 2752 184 2812 vel
205 2751 331 2814 intactae
353 2753 461 2832 segetis
482 2770 536 2833 per
558 2769 671 2814 summa
693 2751 805 2811 volaret

66 2836 200 2914 gramina
222 2855 279 2898 neo
301 2846 421 2899 teneras
442 2856 532 2900 cursu
554 2837 686 2899 laesisset
707 2835 825 2906 aristae,

65 2921 112 2981 vel
134 2939 215 2981 mare
237 2939 292 3002 per
312 2923 442 2984 medium
464 2924 556 2984 fluctu
579 2939 722 3002 suspensa
743 2919 870 2981 tumenti

66 3007 160 3066 ferret
181 3005 238 3067 iter
260 3006 365 3068 celeris
388 3026 443 3069 nec
465 3009 616 3087 tingueret
638 3023 766 3085 aequora
787 3005 912 3086 plantas.

65 3091 146 3151 illam
168 3090 266 3152 omnis
287 3092 373 3154 tectis
395 3090 531 3173 agrisque
553 3093 645 3154 effusa
667 3092 806 3153 iuventus

66 3174 214 3254 turbaque
236 3176 362 3238 miratur
382 3186 509 3239 matrum
532 3186 561 3238 ct
582 3183 753 3256 prospectat
774 3183 895 3236 euntem

66 3260 200 3321 attonitis
221 3260 339 3323 inhians
360 3263 480 3337 animis,
502 3270 536 3324 ut
557 3262 656 3341 regius
679 3269 760 3322 ostro

65 3345 143 3406 velet
164 3345 261 3407 honos
283 3346 354 3408 levis
376 3365 510 3423 umeros,
534 3354 567 3408 ut
588 3345 677 3407 fibula
700 3346 812 3407 crinem

66 3447 141 3491 auro
162 3430 357 3507 intemectat‚
381 3433 498 3513 Lyciam
521 3439 555 3493 ut
576 3440 659 3511 gerat
679 3431 742 3510 ipsa
764 3429 932 3509 pharetram

65 3523 96 3576 ot
118 3515 296 3594 pastoralem
318 3518 447 3597 praefixa
469 3516 590 3597 cuspide
612 3523 751 3595 myrtum.

153 3667 203 3718 798
221 3664 394 3733 Rutulosque]
413 3667 546 3733 durosque
563 3663 664 3716 Peerlk.
770 3662 817 3713 art
836 3657 923 3719 ferret
939 3659 1000 3718 iter]
1021 3653 1141 3715 ferretur

65 3747 140 3800 prop.
159 3730 199 3784 lll.
221 3735 295 3800 test,
313 3737 354 3787 26.

505 3854 709 3862 ——-———
