2286 4394
462 107 623 161 turtures
641 108 699 163 LlB.
718 110 768 163 ΧΗ.

10 281 248 362 pangimus,
271 288 302 340 et
323 288 426 340 nostm
447 281 584 359 sequitur
605 282 641 342 de
664 282 784 344 volnere
807 285 937 362 sanguis.

10 374 156 455 ¹lunge
177 364 220 426 illi
240 364 295 425 dea
317 372 411 425 mater
432 364 500 439 erit,
524 384 600 445 quae
622 365 703 428 nube
724 368 860 446 fugacem

10 452 195 513 aminea
216 459 297 529 tegat
318 458 348 510 et
368 449 451 511 vanis
473 469 538 512 sese
562 452 677 512 occulat
698 443 834 514 umbris'

151 536 191 597 At
210 535 314 614 regina
336 552 412 596 nora
433 553 551 614 pugnae
573 537 735 598 conterrita
757 548 836 599 sorte

10 602 155 683 lebat
177 630 209 681 et
230 620 383 680 ardentem
405 637 549 699 generum
571 622 714 683 moritura
735 623 870 684 tenebat:

10 686 195 779 Turne,
217 723 274 785 per
294 704 347 765 bas
369 723 425 784 ego
446 713 478 766 te
500 704 651 782 lacrimas,
673 709 775 787 persi
798 709 864 787 quis
886 711 1004 771 Amatae

10 780 162 871 tangit
183 790 281 851 bonos
303 789 450 864 animum,
471 792 553 870 (spes
574 799 609 852 tu
631 810 713 853 nunc
735 813 810 867 una,
833 803 969 856 senectae

10 862 83 931 ku
119 875 240 955 requies
261 874 402 949 miserae,
425 874 515 937 decus
536 876 755 957 imperiumque
777 879 873 939 Latini

10 950 80 1015 b
115 978 228 1041 penes,
250 959 281 1020 iu
305 969 334 1020 te
356 959 454 1020 omnis
475 959 580 1022 domus
602 961 743 1023 inclinata
765 963 924 1042 recumbit)

10 1042 163 1109 linum
183 1063 254 1107 oro:
277 1045 383 1106 desiste
405 1060 525 1107 manum
548 1047 733 1108 committere
756 1048 888 1110 Teucris.

15 1130 117 1203 qni
138 1139 171 1192 te
192 1148 327 1209 cumque,
343 1139 466 1191 manent
488 1129 544 1192 isto
566 1133 728 1193 certamine
750 1151 852 1207 casus,

14 1218 91 1273 et
114 1234 182 1290 me,
205 1214 321 1290 Turne,
343 1224 482 1289 manent;
504 1215 592 1277 simul
613 1217 687 1279 baec
708 1218 800 1280 invisa
822 1219 987 1299 relinquam

32 1282 179 1362 lumina
201 1318 258 1361 nec
279 1317 424 1380 generum
444 1301 567 1362 Aenean
589 1303 702 1382 captiva
723 1300 852 1365 videb0.'

51 1385 182 1466 teocpit
201 1402 306 1446 vocem
326 1384 454 1447 lacrimis
477 1385 596 1447 Lavinia
618 1389 719 1450 matris

10 1494 12 1501 ·
56 1462 219 1551 rugientis
239 1471 358 1550 perfusa
380 1486 484 1549 genas,
507 1471 556 1533 cui
577 1472 723 1551 plurimus
745 1472 844 1550 ignem

10 1608 14 1617 .
62 1554 193 1618 subiecit
213 1554 306 1616 rubor
327 1563 358 1615 et
378 1554 517 1616 calefacta
539 1574 595 1635 per
616 1575 667 1618 ora
689 1557 836 1630 cucurrit3

10 1668 17 1677 ·
65 1632 174 1703 ludum
195 1639 360 1720 sanguineo
381 1639 472 1700 veluti
493 1640 642 1703 violaverit
664 1651 745 1704 ostro

37 1770 41 1775 -
71 1725 92 1787 ai
110 1725 181 1806 quis
202 1724 277 1787 ebur
297 1734 349 1786 aut
371 1724 461 1785 mixta
482 1725 593 1787 rubent
615 1725 665 1787 ubi
687 1727 746 1788 lilia
769 1725 859 1786 multa

15 1814 19 1819 '
72 1810 131 1873 rlba
152 1827 236 1883 resa,
257 1809 324 1872 talis
345 1808 428 1889 virgo
450 1810 537 1871 dabat
559 1829 610 1872 ore
633 1812 757 1873 colores.

72 1894 149 1959 ilum
171 1895 273 1956 turbat
294 1913 377 1955 amor
398 1894 521 1975 figitque
542 1896 572 1957 in
596 1896 709 1975 virgine
731 1896 843 1969 voltus,

71 1982 150 2044 ardet
171 1981 204 2041 in
225 1998 306 2041 arma
328 1980 421 2059 magis
441 1980 603 2060 paucisque
625 1981 740 2043 adfatur
762 1983 910 2041 Amatam:

68 2059 130 2141 ‘ne,
153 2083 280 2145 quaeso,
303 2082 343 2126 ne
363 2082 411 2126 me
432 2065 560 2127 lacrimis
582 2084 656 2128 neve
678 2066 778 2127 omine
799 2074 881 2127 tanto

68 2168 249 2233 prosequere
269 2150 301 2210 in
324 2149 392 2211 duri
414 2150 575 2211 certamina
596 2150 698 2212 blartis
719 2159 856 2225 euntem,

68 2243 219 2313 omater;
246 2252 345 2314 neque
367 2235 446 2296 enim
469 2234 572 2296 Turno
594 2254 676 2297 mora
698 2235 791 2296 bbera
811 2235 926 2297 mortis.

67 2320 193 2385 nuntius
214 2321 301 2396 baec,
323 2319 446 2395 ldmon,
468 2319 596 2401 Phrygio
618 2339 684 2382 mea
706 2321 783 2382 dicta
804 2329 933 2402 tyranno

65 2406 146 2471 baud
167 2405 310 2486 placitura
331 2407 426 2467 reler:
455 2423 522 2466 cum
544 2405 673 2485 primum
696 2407 823 2468 crastina
845 2407 926 2469 caelo

65 2491 206 2555 Puniceis
227 2490 342 2552 inrecta
362 2490 436 2552 rotis
458 2493 571 2551 Aurora
593 2491 728 2565 rubebit,

66 2597 128 2639 non
152 2576 286 2638 Teucros
307 2585 374 2654 agat
396 2576 427 2636 in
450 2575 590 2652 Rutulos;
620 2576 768 2638 Teucrum
791 2595 872 2636 arma
895 2576 1048 2655 quiescant

66 2673 96 2724 et
118 2660 222 2723 Rutuli
229 2677 239 2735 ;
266 2669 370 2722 nostro
392 2659 564 2722 dirimamus
586 2662 732 2740 sanguine
753 2661 879 2735 bellum;

64 2748 115 2810 illo
139 2753 301 2826 quaeratur
322 2744 455 2807 coniunx
476 2744 596 2807 Lavinia
619 2735 747 2825 campo‘

152 2831 232 2892 llaec
253 2829 306 2893 ubi
327 2829 404 2891 dicta
425 2829 506 2892 dedit
526 2830 704 2911 rapidusque
726 2830 757 2890 in
778 2836 855 2889 tecta
877 2829 1013 2902 recessit,

66 2916 165 2998 poscit
186 2933 280 2994 eques
299 2914 467 2995 gaudetque
487 2925 577 2977 tuens
598 2924 667 2976 ante
690 2932 742 2975 ora
763 2913 932 2989 frementis,

65 3002 205 3065 Pilumno
226 3019 303 3080 quos
325 2999 388 3079 ipsa
410 3001 501 3062 decus
524 2999 604 3061 dedit
626 2998 774 3080 Orithyia,

66 3088 117 3168 qui
140 3084 270 3147 candore
293 3084 374 3146 nives
395 3085 558 3160 anteirent,
581 3085 718 3148 cursibus
739 3104 834 3147 auras.

65 3172 261 3234 circumstant
281 3170 403 3250 properi
425 3170 543 3249 aurigae
567 3170 763 3250 manibusque
784 3172 934 3233 lacessunt

64 3264 189 3338 pectora
210 3254 313 3336 plausa
335 3254 412 3316 caris
434 3264 464 3316 et
485 3255 560 3317 colla
582 3256 728 3318 comantia
750 3264 883 3336 pectunt.

64 3343 129 3423 ipse
151 3339 260 3401 debinc
280 3357 354 3401 auro
377 3339 563 3420 squalentem
585 3340 711 3420 alboque
734 3340 881 3401 orichalco

66 3424 231 3488 circumdat
251 3424 373 3486 loricam
395 3425 521 3500 umeris,
543 3425 632 3486 simul
653 3433 733 3504 aptat
754 3424 890 3486 babendo

66 3528 230 3590 ensemque
251 3508 439 3590 clipeumque
462 3519 492 3571 et
513 3509 622 3571 rubrae
644 3527 756 3571 cornua
779 3509 901 3581 cristae,

66 3646 270 3657 *-

152 3713 185 3766 53
203 3716 235 3762 ut
245 3709 351 3763 Scbrad.
403 3713 435 3763 55
456 3713 594 3762 monitura
613 3726 644 3762 ex
657 3707 808 3762 conillibb.
861 3712 895 3760 74
912 3704 1132 3758 dorcastrensi

65 3778 134 3833 iden
150 3779 219 3833 oeni.
238 3778 338 3831 Peerllt.
403 3781 435 3832 79
454 3778 583 3830 Rutulum
601 3778 679 3830 b²c¹n
690 3776 790 3843 Meurig.
856 3778 888 3829 85
903 3790 1019 3842 propere
1036 3773 1131 3844 Ry¹a¹b
