2286 4394
77 212 117 272 68
445 215 473 269 P.
486 214 614 269 VERGlLl
632 215 777 272 MARONlS

75 397 167 466 tuque
190 403 323 467 puerque
346 394 429 447 tuus:
452 405 592 467 maguum
614 398 644 450 et
665 390 859 453 memorabile
882 411 1004 470 nomen,

74 490 135 532 uua
157 471 224 532 dolo
246 471 342 532 divom
365 471 390 532 si
412 472 520 533 lemiua
543 474 616 536 victa
639 474 765 535 duorum
788 487 841 538 est.

76 575 132 618 uec
153 574 201 617 me
223 556 295 617 adeo
318 556 391 616 fallit
412 557 532 618 veritam
555 567 584 618 te
606 559 722 620 moenia
745 569 846 623 nostra

75 651 226 722 suspectas
248 640 384 703 babuisse
406 641 510 704 domos
531 643 720 723 Karthaginis
740 645 825 711 altae.

75 727 126 788 sed
150 726 215 806 quis
236 727 293 788 erit
313 728 434 802 modus,
456 738 508 789 aut
531 746 590 807 quo
613 747 695 790 uunc
717 731 880 793 certamine
901 732 1006 796 tantol

76 812 147 891 quin
171 812 269 892 potius
291 830 393 892 pacem
416 823 564 874 aeternam
587 823 750 893 pactosque
771 816 951 913 hymenaeos

76 894 271 959 exercemus?
293 897 399 972 babes,
422 906 482 959 tota
505 898 584 977 quod
606 908 706 960 mente
728 901 840 979 petisti:

76 983 160 1044 ardet
182 1001 283 1044 amaus
305 982 379 1043 Dido
400 983 547 1062 traxitque
569 1002 625 1063 per
646 1003 711 1046 ossa
733 986 876 1047 lurorem.

77 1086 265 1130 communem
288 1068 368 1128 huuc
390 1086 461 1146 ergo
483 1068 627 1148 populum
648 1068 829 1150 paribusque
851 1089 988 1151 regamus

76 1154 229 1234 auspiciis;
252 1153 338 1213 liceat
359 1153 486 1234 Phrygio
509 1153 619 1214 servire
641 1154 746 1215 marito

76 1239 239 1317 dotalisque
261 1247 329 1298 tuae
351 1237 455 1316 Tyrios
477 1238 647 1318 permittere
669 1231 805 1301 dextrae?

163 1322 219 1384 Olli
242 1321 347 1400 (sensit
369 1323 448 1382 euim
470 1323 605 1384 simulata
627 1331 726 1386 mente
749 1325 892 1399 locutam,
935 1329 938 1335 '

77 1425 136 1504 quo
158 1424 283 1484 reguum
306 1406 404 1467 ltaliae
425 1407 550 1489 Libycas
571 1418 716 1471 averteret
738 1409 814 1487 oras)

76 1492 118 1554 sio
141 1498 244 1552 contra
267 1498 311 1552 est
333 1491 465 1571 ingressa
488 1487 633 1554 Venus:‘
637 1494 703 1573 quis
725 1495 792 1555 talia
815 1496 938 1557 demens

75 1576 187 1638 abnuat
209 1585 258 1637 aut
279 1586 376 1637 tecum
400 1579 482 1638 malit
503 1579 685 1639 contendere
706 1577 808 1640 bello?

76 1662 100 1724 si
122 1663 225 1736 modo,
249 1661 327 1741 quod
349 1681 496 1725 memoras
517 1664 642 1738 lactum,
665 1665 784 1726 lortuua
806 1674 957 1744 sequatur.

76 1747 128 1808 sed
150 1747 216 1808 latis
237 1746 351 1808 incerta
372 1749 470 1822 feror,
493 1749 516 1810 si
539 1748 673 1829 luppiter
695 1768 784 1810 uuam

77 1851 140 1895 esse
162 1832 231 1893 velit
253 1832 349 1913 Tyriis
372 1833 476 1894 urbem
498 1833 645 1913 Troiaque
668 1835 809 1912 profectis

76 1918 229 1980 miscerive
251 1917 358 1998 probet
379 1919 506 2016 populos
528 1927 578 1980 aut
599 1918 718 1980 foedera
738 1920 830 1998 iungi.

76 2014 109 2064 tu
132 2003 277 2078 coniunx,
300 2003 388 2065 tibil
374 2006 418 2065 las
440 2004 569 2065 animum
592 2012 738 2084 temptare
760 2004 926 2083 precaud03

98 2109 183 2169 erge,
205 2085 331 2167 sequar.²
375 2098 438 2150 tum
461 2090 503 2151 sic
525 2089 640 2168 excepit
661 2089 741 2169 regia
763 2089 854 2152 luno:

86 2193 203 2236 mecum
226 2175 282 2235 erit
304 2175 358 2236 iste
379 2174 474 2236 labor
518 2193 599 2235 nunc
622 2192 679 2254 qua
701 2175 832 2249 ratione,
856 2174 935 2255 quod
959 2161 1056 2242 instat,

77 2260 200 2322 confieri
222 2259 332 2339 possit,
354 2259 455 2339 paucis
477 2255 627 2356 (adverte)
640 2259 763 2321 docebo.

75 2352 213 2405 venatum
236 2345 351 2403 Aeneas
372 2362 491 2422 unaque
513 2344 677 2406 miserrima
701 2344 774 2406 Dido

77 2429 107 2489 iu
131 2446 236 2488 nemus
257 2428 300 2487 ire
322 2437 444 2506 parant,
467 2427 516 2489 ubi
540 2430 652 2509 primos
675 2430 820 2491 crastinus
844 2439 926 2491 ortus

76 2513 214 2573 extulerit
236 2513 320 2572 Titan
345 2510 493 2591 radiisque
515 2515 656 2575 retexerit
681 2514 793 2576 orbem.

76 2599 122 2659 bis
144 2616 198 2678 ego
220 2597 388 2677 nigrantem
411 2600 566 2661 commixta
589 2601 735 2679 grandine
758 2600 906 2673 nimbum,

77 2683 147 2744 dum
168 2682 318 2763 trepidant
339 2684 400 2744 alae
422 2684 572 2764 saltusque
594 2685 732 2763 indagine
753 2685 894 2764 cingunt,

76 2770 203 2850 desuper
225 2769 378 2830 infundam
403 2778 432 2830 et
453 2771 566 2832 tonitru
589 2770 703 2831 caelum
726 2788 814 2831 omne
835 2769 928 2831 ciebo.

77 2855 232 2933 diffugient
254 2855 377 2916 comites
398 2864 427 2916 et
449 2865 537 2917 nocte
559 2863 698 2934 tegentur
721 2873 828 2934 opaca:

77 2941 250 3021 speluncam
272 2940 346 3001 Dido
369 2942 428 3002 dux
451 2951 480 3002 et
503 2941 648 3003 Troianus
670 2941 793 3002 eandem

77 3026 243 3087 devenient.
286 3025 375 3086 adero
399 3034 443 3098 et,
466 3035 517 3087 tua
539 3027 563 3088 si
586 3025 656 3086 mibi
680 3034 760 3086 certa
781 3025 933 3095 voluutas,

77 3109 207 3171 conubio
229 3111 349 3188 iungam
372 3109 467 3170 stabili
489 3111 700 3190 propriamque
722 3111 842 3183 dicabo;

76 3195 124 3256 hic
147 3195 334 3274 Hymenaeus
356 3190 435 3255 erit'
482 3214 542 3256 nou
565 3196 714 3257 adversata
736 3196 850 3277 petenti

76 3279 178 3339 adnuit
201 3288 289 3357 atque
312 3279 386 3339 dolis
407 3278 472 3340 risit
494 3280 636 3359 Cytherea
657 3282 792 3360 repertis.

162 3363 314 3424 Oceanum
337 3363 450 3424 interea
471 3382 597 3443 surgens
619 3369 732 3427 Aurora
755 3364 890 3445 reliquit:

77 3449 99 3510 it
122 3448 215 3528 portis
237 3449 338 3509 iubare
361 3458 463 3509 exorto
487 3449 599 3510 delecta
621 3450 772 3527 iuventus;

77 3536 149 3596 retia
172 3553 253 3607 rara,
276 3535 394 3614 plagae,
417 3533 474 3595 1333
497 3535 640 3597 venabula
662 3537 742 3597 lerro

77 3621 252 3701 Massylique
274 3629 367 3681 ruunt
389 3621 503 3699 equites
525 3630 555 3683 et
577 3621 668 3682 odora
691 3640 797 3682 cauum
820 3621 871 3682 vis.

163 3775 195 3825 94
213 3787 310 3822 333333
326 3771 385 3823 libri
403 3777 502 3837 praeter
519 3790 549 3833 χ;
570 3771 602 3823 33.
622 3769 668 3823 Or.
681 3769 715 3822 Μ.
733 3770 756 3821 11
774 3773 832 3824 608.
851 3769 925 3821 Ribb.
944 3771 969 3821 in
989 3769 1028 3823 ed.
1049 3785 1072 3820 m

77 3839 110 3888 98
129 3843 276 3890 certamina
301 3845 375 3890 13333
393 3839 478 3893 113133.
577 3840 625 3892 126
643 3839 701 3903 (al
715 3841 757 3903 ta)
775 3838 860 3892 damn.
878 3837 978 3890 Peerlk.
997 3838 1057 3889 Led.

79 3903 170 3971 133331
193 3915 252 3972 post
276 3909 323 3958 150
348 3907 407 3971 poni
431 3909 487 3960 vult
510 3906 549 3960 lll.
573 3909 652 3971 1819,
676 3908 715 3958 ll.
824 3907 872 3956 132
898 3906 1075 3972 odorisequon

508 4096 686 4140 *a
