2286 4394
46 230 106 290 126
410 229 438 283 P.
451 228 578 283 vsamm
595 229 740 284 utaouls

43 402 172 463 vendidit
193 402 241 463 hic
264 422 334 463 auro
357 402 480 481 patriam
504 402 715 481 dominumque
737 411 893 482 potentem

44 486 199 566 imposuit;
222 489 283 549 fixit
305 488 385 566 leges
407 489 502 566 pretio
524 497 612 565 atque
635 488 744 561 refixit;

43 572 90 632 hic
113 571 270 634 thalamum
293 573 397 633 invasit
420 581 504 632 natae
525 572 687 652 vetitosque
709 573 904 652 hymenaeos;

42 657 104 717 ausi
128 675 233 719 omues
255 659 381 719 immane
406 659 488 718 nefas
510 676 641 735 ausoque
664 658 758 737 potiti.
827 691 829 695 ·

43 761 120 814 non,
145 742 216 802 mihi
238 744 262 805 si
284 743 402 820 linguae
425 750 544 803 centum
566 743 627 803 sint
648 761 757 822 oraque
780 753 918 820 centum,
1056 752 1086 805 aa

42 828 137 888 ferrea
160 846 230 902 vox,
253 828 349 889 omnis
371 827 516 888 scelerum
539 826 753 906 comprendere
775 830 902 905 formas,

44 912 144 974 omnia
165 931 328 992 poenarum
351 930 527 991 percurrere
550 913 669 973 nomina
692 909 822 992 possim?

128 996 206 1059 Haec
229 998 279 1060 ubi
302 997 377 1058 dicta
400 996 478 1058 dedit
500 997 613 1058 Phoebi
633 997 775 1077 longaeva
796 1000 949 1061 sacerdos:

40 1078 105 1145 ‘sed
127 1084 184 1144 iam
207 1102 275 1162 age,
299 1100 386 1186 carpo
408 1083 482 1143 viam
506 1091 535 1143 et
556 1092 725 1162 susceptum
748 1084 858 1162 perfice
881 1104 1005 1160 munus;

42 1160 249 1229 adceleremus'
275 1169 329 1242 ait;
364 1167 523 1247 Cyclopum
546 1168 651 1228 educta
673 1168 797 1229 caminis
1062 1177 1097 1230 ab

43 1254 161 1314 moenia
183 1253 334 1332 conspicio
357 1264 447 1331 atque
469 1252 589 1314 adverso
612 1252 728 1314 fornice
750 1262 867 1332 portas,

42 1338 114 1397 haec
137 1337 187 1398 ubi
210 1356 265 1398 nos
286 1346 443 1418 praecepta
464 1336 570 1399 iubent
590 1338 740 1416 deponere
762 1331 858 1399 dona?

42 1420 154 1482 dixerat
177 1431 206 1482 et
226 1423 337 1502 pariter
359 1423 451 1503 gressi
473 1441 528 1502 per
550 1441 642 1502 opaca
664 1422 776 1484 viarum

42 1507 208 1585 corripiunt
229 1508 356 1587 spatium
379 1508 507 1569 medium
530 1507 702 1586 foribusque
724 1508 936 1588 propinquant.

42 1600 168 1669 occupat
189 1596 302 1654 Aeneas
324 1592 433 1653 aditum
457 1611 624 1672 corpusque
647 1593 759 1654 recenti
1067 1603 1106 1655 dte

42 1677 153 1756 spargit
175 1696 248 1758 aqua
271 1696 445 1756 ramumque
467 1677 588 1739 adverso
610 1679 639 1739 in
663 1678 764 1739 limine
786 1679 859 1757 figit.

127 1762 178 1823 his
200 1764 318 1824 demum
341 1764 464 1836 exactis,
487 1765 619 1842 perfecto
641 1781 766 1824 munera
788 1764 884 1839 divae,

14 1878 19 1931 s
42 1847 186 1908 devenere
209 1850 289 1910 locos
311 1849 404 1909 laetos
427 1858 456 1909 et
477 1866 602 1909 amoena
623 1849 713 1908 vireta

13 1970 16 1981 ι
41 1934 260 1995 fortunatorum
283 1951 438 1995 nemorum
461 1934 602 2012 sedesque
624 1933 732 1994 beatas.

41 2018 150 2099 largior
171 2021 219 2082 hic
241 2038 360 2099 campos
382 2020 482 2080 aether
504 2026 534 2079 et
555 2019 666 2079 lumine
688 2017 774 2079 vestit

40 2123 192 2184 purpureo
216 2106 366 2184 solemque
388 2122 490 2177 suum,
513 2122 566 2165 sua
587 2104 682 2165 sidera
705 2110 826 2164 norunt.

41 2208 109 2268 pars
131 2193 161 2252 in
185 2192 342 2268 gramineis
364 2198 503 2251 exercent
524 2188 656 2249 membra
677 2188 845 2267 palaestris,

41 2276 227 2336 contendunt
249 2277 317 2336 ludo
341 2285 370 2336 ct
391 2276 468 2335 fulva
490 2275 640 2335 luctantur
661 2275 788 2347 harena;

41 2377 108 2437 pars
130 2359 255 2439 pedihus
277 2361 422 2439 plaudunt
444 2360 567 2420 choreas
588 2367 617 2420 et
639 2358 769 2420 carmina
790 2358 902 2420 dicunt

41 2463 97 2504 noc
119 2463 179 2504 non
204 2443 356 2505 Threicius
378 2445 467 2522 longa
489 2464 556 2505 cum
579 2452 657 2506 veste
679 2443 815 2504 sacerdos

41 2528 211 2607 obloquitur
234 2530 365 2590 numeris
387 2539 499 2609 septem
523 2529 691 2591 discrimina
712 2546 816 2589 vocum

40 2613 157 2692 iamque
180 2614 281 2675 eadem
303 2614 416 2693 digitis,
441 2615 496 2675 iam
520 2615 637 2694 pectine
659 2613 758 2693 pulsat
778 2611 904 2674 eburno.

39 2699 204 2779 hicgenus
226 2700 378 2778 antiquum
402 2700 524 2772 Teucri,
546 2699 742 2780 pulcherrima
762 2697 877 2779 proles,

39 2785 217 2863 magnanimi
239 2786 361 2857 heroes,
385 2786 445 2846 nati
466 2786 637 2846 melioribus
658 2784 761 2856 annis,

39 2870 157 2949 Ilusque
179 2873 397 2950 Assaracusque
420 2882 449 2933 et
471 2872 575 2932 Troiae
597 2869 749 2930 Dardanus
770 2876 882 2929 auctor.

40 2974 119 3017 arma
141 2956 246 3035 procul
269 2975 432 3036 currusque
455 2957 548 3017 virum
570 2955 695 3015 miratur
716 2953 829 3027 inanis;

39 3050 118 3102 stant
139 3051 218 3103 terra
240 3043 349 3103 defixae
371 3043 470 3103 hastae
493 3040 659 3121 passimque
680 3037 769 3100 soluti

38 3144 92 3205 per
115 3145 252 3206 campum
274 3136 439 3205 pascuntur
461 3128 543 3205 equi:
567 3144 642 3204 quae
664 3123 757 3203 gratia
780 3139 900 3183 currum

39 3229 249 3289 armorumque
272 3212 326 3272 tuit
348 3211 432 3284 vivis,
456 3229 531 3290 quae
553 3230 624 3271 cura
647 3210 769 3271 nitentis

38 3314 158 3375 pascere
182 3314 288 3374 equoS,
312 3296 413 3356 eadem
435 3297 569 3374 sequitur
589 3295 695 3357 tellure
716 3300 861 3373 repostos.

124 3381 288 3459 Conspicit,
312 3399 395 3455 ecce,
419 3381 492 3442 alios
514 3381 614 3441 dextra
636 3380 774 3457 laevaque
795 3396 849 3459 per
871 3373 995 3437 herbam

37 3467 182 3528 vescentis
204 3467 372 3544 laetumque
397 3466 487 3526 choro
510 3483 621 3545 paeana
644 3465 778 3525 canentis

37 3552 115 3614 inter
137 3552 290 3614 odoratum
313 3552 386 3612 lauri
409 3569 529 3622 nemus,
552 3549 631 3610 unde
654 3567 784 3628 superne

37 3637 181 3715 plurimus
205 3637 323 3698 Eridani
345 3655 399 3717 per
421 3636 523 3698 silvam
546 3635 669 3695 volvitur
690 3633 794 3694 amnis.

36 3720 84 3782 hic
107 3742 211 3784 manus
233 3723 271 3784 ob
294 3723 417 3803 patriam
440 3720 599 3801 pugnando
621 3720 741 3780 volnera
763 3716 855 3798 passi,

122 3906 170 3957 647
190 3908 289 3969 eudem]
307 3906 386 3968 fidem
404 3904 493 3957 Marhl.
513 3903 577 3955 sut.
596 3901 659 3954 Silv.
678 3901 707 3955 lh
726 3907 749 3967 5,
769 3904 809 3954 64.
