2286 4394
418 109 578 163 uuuuuuos
596 109 654 163 ΗΒ.
671 110 714 163 tv,

81 277 149 340 desim
166 297 258 359 meque
281 281 339 342 tuis
361 283 522 344 incendere
544 293 633 362 teque
656 283 809 363 querellis;

78 362 153 426 ltalam
171 385 225 428 uon
248 375 356 445 sponte
379 362 507 447 sequor.³

134 449 198 514 Talia
219 453 365 514 dicentem
387 454 556 515 iamdudum
578 472 678 516 aversa
700 464 801 515 tuetur

69 536 110 600 buc
124 539 181 600 illuc
202 539 321 601 volvens
344 538 446 600 oculos
469 548 621 619 totumque
644 549 778 619 pererrat

68 622 192 686 luminibus
214 625 310 686 tacitis
332 633 361 685 et
383 625 425 687 sic
448 642 571 687 accensa
594 626 745 704 prolator:
984 691 987 698 ,

65 700 111 771 ‘uec
127 710 172 772 tibi
193 710 257 771 diua
279 728 402 790 pareus,
424 710 543 789 generis
566 728 622 772 nec
644 709 798 772 Dardanus
820 721 938 783 auctor,

63 796 158 873 perfide,
180 795 231 858 sed
254 795 337 856 duris
358 795 462 875 genuit
484 805 513 856 te
535 795 669 857 cautibus
691 795 819 857 boruens

63 878 176 943 Caucasus
198 880 411 961 Hyrcanaeque
434 880 592 942 admorunt
613 879 705 941 ubera
728 881 827 960 tigres.

62 983 108 1026 uam
126 966 193 1046 quid
215 966 366 1027 dissimulo
388 975 439 1027 aut
462 985 537 1045 qnae
559 984 607 1027 me
628 966 663 1026 ad
686 966 796 1027 maiora
819 962 956 1028 reservo?

62 1068 110 1112 uum
128 1053 196 1113 lletu
218 1051 364 1130 ingemuit
386 1049 511 1114 nostro?
534 1069 606 1112 num
628 1051 740 1112 lumina
763 1048 863 1112 lleuitl

61 1153 110 1197 uum
128 1137 261 1203 lacrimas
281 1137 376 1198 rictus
398 1136 476 1199 dedit
498 1147 547 1198 aut
569 1137 725 1198 miseratus
747 1146 892 1197 amantem
915 1133 982 1198 est‘l

61 1238 112 1299 quae
130 1222 237 1301 quibus
260 1220 443 1282 anteferam?
466 1222 602 1283 iamiam
626 1240 680 1283 nec
703 1222 826 1283 maxima
849 1220 923 1282 luno

61 1324 98 1368 uec
117 1307 270 1368 Saturnius
291 1307 363 1369 baec
386 1307 479 1369 oeulis
501 1318 586 1387 pater
607 1307 711 1386 aspicit
731 1308 841 1386 aequis.

60 1408 177 1472 nuquam
200 1401 262 1454 tuta
285 1392 366 1454 fides.
411 1393 537 1454 eiectum
560 1393 661 1466 litore,
685 1404 820 1470 egentem

61 1479 135 1558 excepi
157 1487 187 1540 et
206 1478 294 1557 regni
315 1478 438 1539 demens
460 1477 490 1539 in
514 1486 597 1558 parte
619 1477 727 1550 locavi;

61 1563 167 1624 amissam
189 1563 328 1636 classem,
351 1564 447 1626 socios
469 1581 485 1623 a
507 1573 601 1625 morte
623 1564 736 1624 reduxi.

61 1643 101 1707 beu
118 1649 197 1710 iuriis
218 1648 340 1710 incensa
362 1649 456 1710 ierorl
479 1667 561 1710 nnuc
583 1667 678 1728 angor
700 1647 821 1727 Apollo,

63 1747 120 1794 nunc
138 1733 243 1814 Lyciae
265 1744 375 1809 sortes,
398 1753 479 1795 nnuc
501 1743 531 1795 et
552 1734 619 1796 love
642 1734 748 1795 missus
770 1732 806 1793 ab
828 1731 892 1811 ipso

61 1811 181 1898 interpres
203 1819 299 1880 divom
322 1821 380 1881 lert
399 1819 517 1881 horrida
538 1819 617 1882 iussa
640 1837 694 1898 per
715 1836 810 1880 auras.

63 1901 146 1966 nilum
165 1905 190 1966 is
212 1904 328 1984 superis
350 1905 432 1966 labor
454 1913 512 1979 est,
535 1923 569 1966 ea
591 1922 662 1967 cura
684 1905 799 1984 quietos

62 1985 179 2051 sollicitat.
224 2008 322 2069 neque
344 2000 373 2052 te
393 1999 482 2052 teneo
504 2009 602 2069 neque
624 1990 699 2051 dicta
722 1988 841 2060 refello;

61 2066 79 2141 b
95 2092 207 2154 sequere
229 2075 357 2150 ltaliam,
380 2076 475 2137 ventis
495 2084 563 2155 pete
584 2093 676 2154 regnu
698 2093 752 2156 per
773 2073 877 2135 undas.

61 2171 125 2233 spero
146 2160 280 2241 equidem
302 2160 422 2235 mediis,
445 2161 468 2222 si
492 2161 561 2240 qnid
584 2161 631 2240 pia
653 2161 776 2222 numina
798 2165 938 2238 possunt,

59 2246 177 2323 supplicia
198 2248 361 2308 hausurum
383 2245 513 2325 scopulis
536 2255 566 2308 et
586 2246 708 2308 uomina
731 2245 803 2306 Dido

59 2342 125 2409 saepe
143 2341 324 2394 vocaturum.
368 2349 476 2410 sequar
496 2331 566 2392 atris
588 2331 707 2410 ignibus
729 2330 835 2391 absens

60 2420 91 2486 et,
109 2434 169 2478 cum
191 2416 295 2497 lrigida
320 2434 399 2478 mors
421 2415 517 2477 anima
539 2416 689 2478 seduxerit
709 2423 806 2487 artus,

59 2500 171 2565 omnibus
194 2500 298 2564 umbra
320 2501 392 2562 locis
413 2501 510 2562 adero.
554 2501 650 2575 dabis,
673 2499 824 2579 improbe,
847 2515 972 2578 poenas:

58 2583 147 2648 audiam
169 2596 199 2648 et
221 2587 293 2648 haec
314 2587 409 2648 manis
430 2585 529 2648 veniet
550 2587 621 2647 mibi
644 2587 718 2648 lanua
740 2584 795 2647 sub
818 2580 920 2645 imos'

56 2663 90 2728 bia
107 2673 229 2735 medinm
250 2672 336 2734 dictis
358 2689 527 2734 sermonem
549 2672 699 2753 abrumpit
720 2679 750 2732 et
772 2688 857 2731 auras

56 2766 123 2831 tegra
144 2758 219 2838 lugit
240 2776 332 2837 seque
353 2776 389 2818 en
411 2756 505 2818 oculis
527 2757 629 2818 avertit
651 2766 680 2818 et
702 2757 799 2818 anlert

55 2832 169 2918 linquens
191 2843 284 2904 muulta
306 2850 386 2905 metu
410 2850 599 2904 cunctantem
622 2851 652 2904 et
673 2842 765 2903 multa
786 2840 933 2902 uolentem

54 2919 140 2988 dicere.
182 2928 350 3008 suscipiunt
372 2928 495 2989 lamulae
518 2927 716 3006 conlapsaque
739 2926 870 2987 membra

52 3021 196 3075 marmoreo
219 3014 355 3075 referunt
375 3014 502 3075 thalamo
524 3013 682 3092 stratisque
704 3020 864 3091 reponunt.

118 3099 153 3160 bt
173 3099 241 3179 pins
263 3100 392 3172 deneas,
415 3116 593 3178 quamquam
615 3098 708 3158 lenire
732 3097 880 3159 dolentem

49 3179 154 3244 solando
176 3184 258 3264 cupit
280 3193 309 3245 et
330 3184 416 3246 dictis
437 3181 569 3245 avertere
592 3201 677 3245 curas

46 3267 122 3329 multa
143 3287 264 3349 gemeus
286 3287 454 3348 magnoque
476 3269 607 3331 animum
629 3267 790 3330 labelautus
811 3285 926 3342 amore,
1061 3277 1104 3328 895

45 3348 109 3415 iussa
130 3364 227 3416 tamen
251 3354 347 3416 divom
370 3355 540 3434 exsequitur
563 3355 745 3433 classemque
767 3352 875 3415 revisit.

115 3526 164 3577 375
183 3522 266 3575 damn.
284 3521 382 3591 Bryant
400 3525 426 3574 et
445 3520 518 3574 Ribb.
589 3522 725 3586 amissam]
746 3538 761 3572 u
779 3522 895 3582 (lammis
913 3515 1028 3589 Peerlk.
1050 3585 1067 3590 μ

41 3589 83 3645 378
100 3592 172 3643 dieta
190 3589 215 3642 bl
233 3591 275 3654 (cl.
295 3593 363 3656 226).
450 3592 495 3643 381
518 3592 677 3656 postmontis
697 3589 755 3640 dist.
774 3587 820 3637 Ku.
841 3584 1000 3650 tammus}
1013 3583 1104 3636 *tudier*-

38 3664 102 3713 tatur
118 3659 158 3712 Kl.
179 3661 253 3726 1882,
272 3661 316 3720 163
336 3659 368 3711 cl.
387 3658 460 3713 Serv.
546 3659 595 3711 385
614 3664 675 3723 post
692 3657 742 3709 386
760 3653 821 3721 poni
839 3653 914 3704 iussit
933 3650 1031 3704 Peerlk.

37 3728 80 3781 ³87
98 3733 127 3781 ut
144 3728 247 3794 dittogr.
260 3727 321 3780 secl.
333 3726 399 3779 Rbb.
471 3728 520 3780 390
539 3726 677 3787 uolantem]
694 3725 836 3789 parantem
855 3720 913 3773 libri
931 3725 1033 3786 praeter
1050 3719 1102 3784 Me,

36 3792 103 3850 llibb.
191 3798 240 3850 395
260 3812 310 3849 om.
329 3794 454 3858 Pambos,
472 3794 533 3847 secl.
551 3792 617 3845 Rbb.
