2286 4394
413 242 574 296 AENElDOS
592 242 651 297 LlB.
668 243 709 297 lll.

10 424 143 490 cetera,
167 432 226 495 qua
248 414 344 489 iusso,
368 432 484 475 mecum
506 433 613 475 manus
635 414 743 476 inlerat
763 405 868 476 arma'

10 486 106 562 {licet
129 500 161 561 in
186 518 288 562 muros
309 507 370 560 tota
393 499 568 561 discurritur
588 498 672 560 urbe.

68 585 233 648 concilium
255 585 319 665 ipse
341 591 425 665 pater
447 592 476 644 et
498 602 604 662 magna
626 583 745 662 incepta
766 583 889 647 Latinus

70 671 185 733 deserit
206 688 241 731 ac
262 669 339 731 tristi
361 668 497 731 turbatus
518 677 654 749 tempore
676 669 774 730 differt

35 830 38 839 Ι
71 755 226 835 multaque
248 773 279 816 se
302 755 431 828 incusat,
455 754 505 834 qui
528 773 590 814 non
614 754 762 832 acceperit
783 755 861 816 ultro

71 839 255 902 Dardanium
277 840 399 901 Aenean
421 856 626 918 generumque
648 839 803 901 adsciverit
825 839 901 901 urbi.

35 924 223 1007 praelodiunt
244 923 292 986 alii
313 932 416 1004 portas
437 932 486 985 aut
509 942 577 985 saxa
599 923 746 1002 sudesque

34 1010 217 1073 subvectant.
261 1008 340 1070 bello
363 1008 412 1070 dat
433 1009 551 1089 signum
573 1027 661 1070 rauca
684 1017 842 1070 cruentum

34 1092 153 1157 bucina.
197 1103 262 1155 tum
283 1112 387 1155 muros
408 1094 487 1155 varia
510 1095 630 1156 cinxere
653 1111 765 1155 corona

32 1187 187 1241 matronae
208 1179 368 1258 puerique,
391 1189 474 1240 vocat
497 1178 580 1240 labor
603 1179 724 1241 ultimus
746 1180 852 1241 omnis.

32 1283 177 1327 necnon
200 1263 237 1324 ad
256 1264 401 1344 templum
424 1283 613 1344 summasque
636 1265 670 1324 ad
694 1264 819 1326 Palladis
842 1285 924 1328 arces

32 1349 209 1413 subvehitur
230 1367 336 1428 magna
359 1359 488 1411 matrum
510 1349 614 1429 regina
635 1358 750 1410 caterva

30 1436 113 1498 dona
137 1436 237 1496 ferens
258 1434 398 1513 iuxtaque
420 1454 520 1497 comes
542 1435 662 1496 Lavinia
682 1435 779 1513 virgo,

30 1538 124 1582 causa
146 1519 215 1580 mali
236 1519 327 1594 tanti,
351 1520 454 1582 oculos
476 1520 589 1582 deiecta
612 1519 745 1582 decoros.

31 1602 202 1668 succedunt
223 1612 333 1666 matres
355 1613 384 1666 et
406 1605 549 1685 templum
572 1614 640 1666 ture
662 1614 807 1685 vaporant

31 1701 65 1752 et
86 1698 213 1751 maestas
235 1689 293 1750 alto
315 1690 446 1752 tundunt
468 1691 504 1752 de
525 1690 627 1751 limine
649 1708 748 1750 voces:

29 1769 246 1854 ‘armipotens‚
269 1792 389 1854 praeses
411 1774 495 1850 belli,
518 1775 651 1837 Tritonia
672 1774 770 1853 virgo,

32 1862 141 1940 frange
163 1877 254 1920 manu
277 1859 370 1921 telum
391 1859 509 1941 Phrygii
531 1860 692 1939 praedonis
714 1868 743 1920 et
765 1859 862 1938 ipsum

32 1963 169 2026 pronum
191 1952 292 2006 sterne
315 1944 379 2006 solo
401 1946 555 2024 portisque
578 1945 697 2006 effunde
720 1944 775 2006 sub
799 1935 888 2005 altis’

125 2029 261 2109 Cingitur
282 2029 345 2110 ipse
368 2031 472 2092 furens
494 2031 627 2091 certatim
651 2030 681 2091 in
705 2029 817 2109 proelia
841 2029 970 2090 Turnus.

34 2116 157 2194 iamque
180 2115 252 2176 adeo
275 2114 397 2177 rutilum
420 2116 539 2177 thoraca
562 2115 684 2177 indutus
706 2115 788 2177 aenis

34 2199 182 2261 horrebat
203 2200 333 2280 squamis
356 2219 500 2280 surasque
522 2199 683 2261 incluserat
705 2218 793 2274 auro,

35 2295 173 2365 tempora
196 2286 294 2347 nudus
317 2285 429 2361 adhuc,
452 2285 596 2364 laterique
618 2285 788 2346 accinxerat
809 2302 911 2347 ensem

36 2369 231 2450 fulgebatque
252 2371 309 2431 alta
331 2369 493 2433 decurrens
515 2388 623 2433 aureus
646 2389 712 2431 arce

38 2455 226 2534 exsultatque
250 2454 356 2517 animis
378 2464 407 2516 et
428 2475 481 2536 spe
504 2457 560 2516 iarn
582 2455 724 2536 praecipit
746 2455 877 2517 hostem:

38 2540 137 2620 qualis
158 2539 209 2601 ubi
231 2540 364 2619 abruptis
387 2541 462 2621 fugit
483 2542 635 2621 praesepia
657 2540 761 2602 vinclis

36 2625 160 2686 tandem
182 2623 259 2686 liber
279 2644 374 2704 equus
396 2645 561 2706 campoque
583 2627 695 2707 potitus
717 2635 819 2705 aperto

38 2720 93 2772 aut
115 2709 163 2771 ille
184 2709 216 2769 in
239 2720 341 2790 pastus
363 2721 557 2791 armentaque
579 2711 675 2772 tendit
696 2728 841 2790 equarum

38 2804 92 2856 aut
115 2794 254 2856 adsuetus
276 2812 369 2875 aquae
391 2796 531 2877 perfundi
553 2797 675 2858 flumine
697 2804 768 2856 noto

40 2879 150 2941 emicat
171 2880 352 2960 arrectisque
375 2881 474 2943 fremit
495 2880 658 2942 cervicibus
680 2879 737 2940 alte

39 2964 196 3026 luxurians
217 2964 384 3044 luduntque
406 2966 492 3027 iubae
514 2985 569 3047 per
591 2964 680 3037 colla,
704 2983 758 3044 per
780 2982 887 3024 armos.

132 3048 225 3111 Obvia
247 3050 295 3111 cui
318 3050 492 3113 Volscorum
515 3051 578 3112 acie
600 3050 760 3111 comitante
784 3048 903 3110 Camilla

42 3134 177 3196 occurrit
198 3135 411 3215 portisquetab
434 3154 511 3215 equo
534 3135 637 3215 regina
659 3134 715 3197 sub
737 3135 809 3214 ipsis

41 3218 176 3295 desiluit,
200 3238 289 3299 quam
310 3229 372 3281 tota
395 3221 503 3284 cohors
525 3221 637 3282 imitata
659 3220 769 3282 relictis

43 3304 80 3365 ad
103 3313 210 3365 terram
235 3305 358 3367 defluxit
379 3307 479 3386 equis;
508 3316 571 3367 tum
593 3307 662 3367 talia
683 3308 775 3370 latur:

40 3383 176 3461 ‘'lurne,
199 3390 245 3451 sui
267 3391 373 3452 merito
396 3392 421 3453 si
444 3410 500 3471 qua
524 3400 569 3454 est
591 3391 696 3452 fiducia
719 3392 805 3462 lorti,

44 3472 140 3534 audeo
163 3482 192 3535 et
214 3476 384 3537 Aeneadum
407 3476 549 3556 promitto
573 3494 732 3537 occurrere
754 3484 868 3536 turmae

43 3557 168 3637 solaque
189 3559 360 3639 Tyrrhenos
383 3562 497 3642 equites
519 3562 562 3622 ire
585 3560 669 3621 obvia
693 3569 805 3621 contra.

131 3710 182 3761 469
207 3711 300 3763 consil.
325 3709 479 3783 lll¹y²Ribb
566 3711 661 3777 esurit
685 3715 744 3778 post
768 3711 817 3762 476
840 3708 949 3760 tortasse
975 3703 1123 3756 inserendos

46 3775 128 3828 luisse
146 3791 218 3844 susp.
237 3777 312 3831 Ribb.
407 3784 456 3834 471
493 3782 533 3842 ue]
570 3781 625 3831 uod
641 3778 707 3848 P²yg
802 3778 878 3842 rvqr
897 3774 975 3826 verba
992 3776 1126 3838 occeperit

46 3847 73 3896 et
90 3847 219 3897 asciverit
236 3854 357 3900 commut.
377 3848 466 3911 Ribb.;
507 3796 586 3901 eervlr.
606 3854 735 3915 praeterea
754 3845 1027 3908 connumeremini
1046 3845 1126 3909 atque

45 3914 96 3966 4⁸7
114 3912 244 3966 hortulum
263 3915 321 3966 libri
340 3931 378 3983 pr.
391 3916 443 3968 llb¹
495 3919 545 3969 495
564 3932 635 3983 aqua
653 3921 742 3983 aptum
761 3930 792 3966 ex
808 3914 888 3965 verbo
902 3909 973 3977 perf.
987 3908 1071 3962 Madv.
1083 3914 1125 3963 45.
