2286 4394
76 190 137 249 200
449 191 477 246 P.
490 192 618 246 VERGlLI
634 193 781 248 Mauortis

161 363 293 443 iuppiter
316 364 387 426 baec
410 366 526 445 paucis,
548 376 577 427 at
599 386 658 428 non
683 367 784 431 Venus
807 389 898 433 aurea
921 386 1019 436 contra

70 467 167 558 pauca
189 450 294 511 refert:

70 534 104 595 o
128 545 226 614 pater,
250 553 267 593 o
291 536 444 596 bominum
467 554 626 633 rerumque
649 546 770 599 aeterna
792 550 925 619 potestas

77 623 217 699 (namque
239 620 316 681 aliud
340 621 409 699 quid
433 621 486 693 sit,
510 622 667 700 quodiam
692 623 852 704 implorare
875 626 1053 706 queamusi),

77 705 189 778 cernis,
213 716 245 765 ut
267 706 411 767 insultent
431 705 531 768 Rutuli
554 707 733 786 Turnusque
756 711 869 772 teratur

77 809 131 871 per
153 790 295 852 medios
288 792 413 869 insignis
435 792 519 869 equis
541 791 730 889 tumidusque
752 798 886 858 secundo

77 876 170 938 Marte
192 874 281 937 ruat?
310 896 370 937 non
395 876 493 937 clausa
515 878 649 957 tegunt
641 896 698 938 iarn
721 882 841 942 moenia
864 883 1009 956 Teucros,

78 962 149 1041 quin
174 963 250 1023 intra
274 969 374 1042 portas
395 970 484 1041 atque
505 961 577 1041 ipsis
597 962 708 1042 proelia
730 965 858 1028 miscent

78 1047 235 1128 aggeribus
258 1065 412 1108 murorum
435 1055 464 1108 et
486 1047 634 1108 inundant
655 1050 801 1129 sanguine
823 1053 930 1116 fossae.

78 1134 192 1195 deneas
214 1134 334 1211 ignarus
357 1133 447 1194 abest.
493 1150 694 1210 numquamne
717 1136 805 1196 levari

79 1218 232 1280 obsidione
254 1215 355 1279 sines?
380 1218 473 1278 muris
496 1218 602 1279 iterum
624 1219 758 1280 imminet
781 1221 874 1284 bostis

79 1304 228 1365 nascentis
250 1303 355 1362 Troiae
378 1321 433 1362 nec
456 1321 518 1362 non
542 1303 687 1365 exercitus
709 1305 796 1379 alter,

78 1395 166 1466 atque
188 1388 293 1447 iterum
318 1387 347 1446 in
371 1386 503 1448 Teucros
526 1388 636 1450 Aetolis
657 1390 752 1469 surgit
773 1391 810 1451 ab
832 1393 923 1472 Arpis

78 1472 213 1552 Tydides.
257 1471 393 1568 equidem
416 1472 521 1545 credo,
545 1492 610 1534 mea
630 1474 750 1535 volnera
773 1485 886 1538 restant

79 1567 108 1618 et
130 1567 178 1618 tua
202 1557 359 1637 progenies
382 1557 514 1618 mortalia
537 1560 675 1619 demoror
697 1561 792 1621 armai

78 1645 103 1705 si
125 1643 189 1705 sine
212 1662 284 1723 pace
306 1652 355 1704 tua
378 1650 466 1721 atque
488 1643 578 1704 invito
603 1645 725 1705 numine
748 1646 841 1707 Troes

78 1729 189 1790 ltaliam
212 1729 338 1808 petiere,
359 1728 443 1789 luant
464 1738 584 1808 peccata
607 1747 704 1808 neque
726 1729 791 1792 illos

79 1815 187 1877 iuveris
209 1814 331 1890 auxilio;
360 1815 405 1876 sin
429 1824 473 1875 tot
495 1832 636 1894 responsa
659 1815 767 1889 secuti,

80 1921 155 1981 quae
178 1901 276 1981 superi
299 1918 461 1979 manesque
484 1898 607 1973 dabant,
629 1917 683 1959 cur
706 1919 788 1961 nunc
811 1911 860 1962 tua
884 1903 1041 1984 quisquam

79 1997 193 2049 vertere
215 1987 294 2047 iussa
315 1995 484 2065 potestant
505 2003 559 2046 cur
581 2003 656 2045 nova
677 1985 807 2046 condere
829 1985 910 2047 iata?

80 2073 150 2152 quid
174 2079 303 2151 repetam
327 2080 443 2133 exustas
464 2070 593 2151 Erycino
615 2070 645 2130 in
668 2069 754 2130 litore
777 2071 893 2145 classis,

81 2157 150 2237 quid
172 2165 378 2236 tempestatum
402 2174 501 2235 regern
524 2164 686 2234 ventosque
707 2155 834 2218 furentis

81 2242 179 2303 Aeolia
202 2239 334 2302 excitos?
363 2251 412 2302 aut
433 2250 527 2303 actam
551 2238 679 2302 nubibus
702 2239 794 2301 Irim?

81 2347 162 2388 nunc
185 2328 270 2387 etiam
294 2327 388 2387 manis
411 2328 494 2403 (baec
516 2327 687 2404 intemptata
710 2327 848 2386 manebat

80 2430 145 2473 sors
168 2414 279 2487 rerum)
303 2420 411 2483 movet,
435 2421 464 2471 et
486 2412 600 2490 superis
623 2412 750 2472 immissa
772 2421 896 2491 repente

81 2497 192 2557 dilecto
216 2495 326 2555 medias
347 2495 451 2555 Italum
475 2496 612 2556 bacchata
635 2515 689 2574 per
711 2497 809 2558 urbes.

82 2582 123 2642 nil
145 2600 236 2659 super
258 2580 381 2659 imperio
405 2599 539 2640 moveor:
562 2582 743 2659 speravimus
764 2583 833 2656 ista,

81 2668 149 2727 dum
173 2668 291 2726 fortuna
314 2666 384 2739 tutu
408 2667 541 2739 vincant,
566 2685 640 2744 quos
662 2668 781 2728 vincere
805 2670 902 2730 mavis.

81 2754 105 2814 si
130 2753 208 2813 nulla
231 2762 275 2813 est
297 2752 394 2832 regio,
418 2752 540 2813 Teucris
563 2771 650 2831 quam
673 2751 722 2812 det
744 2762 793 2812 tua
816 2755 948 2815 coniunx

81 2841 170 2914 dura,
194 2858 248 2918 per
271 2857 403 2911 eversae,
426 2839 556 2916 genitor,
581 2837 721 2897 fumantia
745 2838 850 2899 Troiae

82 2926 191 2986 excidia
215 2925 361 2999 obtestor,
385 2925 470 2985 liceat
493 2924 638 2984 dimittere
660 2922 696 2982 ab
719 2924 807 2984 armis

82 3011 258 3071 incolumem
282 3011 454 3082 Ascanium,
477 3010 561 3070 liceat
583 3026 737 3087 superesse
760 3019 914 3087 nepotem:

82 3098 195 3156 Aeneas
218 3113 287 3155 sanc
311 3096 420 3174 ignotis
442 3096 565 3155 iactetur
587 3095 616 3154 in
641 3093 727 3154 undis

81 3189 124 3251 et,
150 3197 365 3257 quamcumque
387 3180 460 3239 viam
484 3179 596 3239 dederit
619 3178 763 3252 Fortuna,
786 3185 942 3256 sequatur;

81 3265 162 3325 bunc
184 3274 284 3342 tegere
308 3274 336 3324 et
358 3265 437 3324 dirae
460 3264 568 3323 valeam
591 3264 756 3324 subducere
779 3281 904 3343 pugnae.

82 3360 125 3410 est
148 3351 301 3423 Amathus,
326 3360 369 3410 est
391 3349 466 3410 celsa
491 3348 560 3408 mihi
584 3349 700 3428 Paphus
722 3358 809 3427 atque
832 3349 955 3429 Cythera

169 3539 224 3598 2οΗ
239 3533 365 3596 feratur.
385 3535 572 3600 ,tumidusque
590 3551 638 3586 om.
649 3533 686 3584 Μι
704 3533 839 3597 (aberravit
855 3549 868 3583 a
882 3533 984 3584 nomine
997 3532 1084 3583 Turne

83 3604 113 3654 ad
134 3605 318 3668 tumidusque),
338 3603 398 3654 secl.
418 3603 491 3654 Ribb.
577 3605 609 3655 22
628 3604 745 3653 claustra
764 3600 801 3650 Μ1
841 3601 899 3652 inde
917 3616 971 3652 non
991 3602 1084 3653 claustr

82 3689 136 3723 nou
155 3689 187 3725 m
204 3673 231 3723 T.
251 3672 325 3722 Wak.
413 3673 445 3723 24
462 3688 596 3722 moturum
614 3671 640 3722 οἳ
679 3686 830 3721 moerorum
849 3669 911 3720 P¹b²
925 3668 996 3721 Serv
1014 3668 1084 3721 Ribb

87 3744 134 3792 lid
153 3741 228 3792 etii
247 3743 303 3793 382.
357 3737 443 3800 fossos
462 3738 733 3809 PRVbeerv.Ribb
821 3741 851 3789 27
871 3754 942 3790 nec
956 3738 1085 3789 alterd

83 3806 156 3859 Ribb.
227 3812 258 3860 28
275 3813 368 3871 surget
386 3806 444 3876 'idyb
458 3759 544 3858 bad
602 3811 635 3859 49
654 3824 776 3874 quaeunq
778 3806 849 3857 cteP
935 3810 964 3859 51
985 3809 1084 3858 maleto

84 3874 155 3925 Seri.
212 3882 290 3940 utque
308 3875 363 3925 alta
384 3875 497 3940 Cythera
516 3873 636 3943 P2ss7u1,
654 3875 721 3926 uude
740 3874 919 3928 e.P.u.o.C.
938 3872 1031 3940 Wagn.
1050 3883 1076 3926 et
