2286 4394
430 121 590 177 nubemus
608 122 667 178 mu.
683 123 712 179 11.

64 292 112 364 bic,
133 292 179 354 ubi
201 292 338 354 disiectas
359 293 451 356 moles
472 294 628 373 avolsaque
649 295 726 358 saxis

63 395 114 438 sara
133 377 209 439 vides
230 376 382 456 mixtoque
404 380 565 442 undantem
587 379 708 459 pulnere
730 381 860 453 fumum,

63 461 197 543 Neptunus
220 481 322 524 muros
343 480 510 543 magnoque
532 474 630 526 emota
650 465 770 527 tridenti

64 547 233 609 fundamenta
255 547 349 626 quatit
370 558 520 628 totamque
542 568 559 610 a
580 550 699 613 sedibus
721 550 826 612 urbem

64 633 132 694 emit.
171 634 220 694 bic
241 632 318 693 luno
341 633 446 698 Scaeas
467 635 631 697 saevissima
654 644 753 715 portas

63 717 138 797 prirna
158 726 241 780 tenet
264 717 436 797 sociumque
458 721 561 782 furens
582 738 598 781 a
621 721 744 782 navibus
766 737 870 798 agmen

65 803 126 864 ierro
147 804 279 865 accincta
299 812 392 864 vocat.

64 887 105 948 iam
125 905 252 950 summas
275 906 359 949 arces
380 888 511 949 Tritonia
535 889 673 968 (respice)
697 888 791 952 Polias

10 1032 12 1047 ,
64 973 153 1035 insedit
174 973 275 1034 nimbo
298 972 443 1052 effulgens
464 984 494 1034 et
516 974 654 1053 Gorgone
676 991 769 1035 saeva.

10 1056 14 1079 ⁸
65 1059 112 1137 ipse
131 1067 213 1138 pater
235 1057 342 1119 Danais
363 1058 478 1120 animos
499 1059 627 1138 virisque
650 1059 796 1121 secundas

65 1144 168 1219 sufficit,
190 1144 255 1224 ipse
278 1143 349 1205 deos
370 1143 400 1203 in
425 1144 559 1205 Dardana
581 1144 703 1206 suscitat
724 1162 814 1206 arma.

66 1228 141 1308 eripe,
163 1238 246 1301 nate,
269 1228 368 1308 iugam
389 1230 539 1308 iinemque
560 1229 681 1308 impone
702 1228 805 1291 labori.

67 1330 190 1392 nusquam
215 1313 305 1374 abero
328 1323 357 1374 et
378 1321 473 1374 tutum
497 1314 592 1393 patrio
614 1324 644 1376 te
666 1314 767 1376 limine
789 1309 907 1377 sistam’

67 1395 158 1460 dixerat
180 1408 210 1460 et
231 1397 333 1479 spissis
354 1399 450 1461 noctis
472 1418 504 1461 se
527 1399 659 1461 condidit
679 1399 802 1463 umbris.

65 1493 189 1563 apparent
211 1483 291 1544 dirae
313 1483 401 1545 iacies
422 1483 601 1564 inimicaque
624 1485 730 1546 Troiae

68 1569 166 1630 numina
189 1586 297 1648 magna
318 1568 416 1629 deum.

132 1654 208 1716 Tum
229 1672 299 1715 vero
322 1672 411 1715 omne
432 1653 504 1715 mibi
526 1653 619 1715 nsum
642 1654 796 1716 considere
818 1655 850 1715 io
872 1655 949 1734 ignis

67 1734 131 1799 lium
153 1748 182 1800 et
205 1757 240 1801 ex
263 1738 322 1800 imo
344 1739 417 1800 verti
440 1738 589 1818 Neptunia
610 1738 697 1800 Troia
704 1756 712 1813 ;

67 1839 91 1882 ac
105 1825 190 1885 veluti
212 1824 334 1886 summis
355 1825 507 1902 antiquam
530 1823 560 1886 in
584 1824 734 1886 montibus
756 1842 863 1885 ornum
925 1885 927 1890 .

68 1923 116 1969 eun
137 1911 217 1971 ierro
238 1909 363 1970 accisam
385 1907 557 1988 crebrisque
578 1907 759 1990 bipennibus
781 1908 893 1970 instant

69 2007 152 2056 eruere
174 1994 319 2073 agricolae
341 1993 490 2068 certatim;
512 1994 561 2055 illa
583 2013 677 2072 usque
699 1992 828 2054 minatur

68 2085 89 2136 et
103 2081 268 2140 tremefacta
291 2097 404 2140 comam
428 2097 573 2141 concusso
595 2079 703 2139 vertice
726 2085 826 2151 nutat,

69 2163 218 2225 volneribus
241 2164 336 2224 donec
357 2164 496 2243 paulatim
520 2163 611 2225 evicta
633 2180 804 2243 supremum

67 2249 219 2328 congemuit
240 2248 386 2327 traxitque
407 2249 484 2328 iugis
505 2249 601 2310 avolsa
624 2249 749 2310 ruinam.
773 2293 781 2309 .
805 2293 812 2309 .
836 2293 843 2309 .

65 2329 195 2395 descendo
218 2350 253 2394 ac
273 2335 400 2395 ducente
423 2333 476 2394 dea
498 2335 642 2395 flammam
666 2334 744 2395 inter
766 2342 795 2395 et
816 2332 908 2395 hostis

66 2419 206 2497 expedior3
229 2418 301 2478 dant
321 2418 378 2479 teia
400 2420 499 2480 iocum
522 2420 714 2497 flammaeque
736 2419 888 2481 recedunt.

134 2505 229 2582 Atque
252 2503 302 2564 ubi
324 2504 380 2564 ianr
404 2505 515 2583 patriae
538 2512 713 2583 perventum
735 2504 770 2565 ad
793 2504 893 2565 limina
914 2502 990 2564 sedis

64 2588 244 2668 antiquasque
266 2589 385 2660 domos,
408 2589 539 2686 genitor³
563 2608 650 2668 quem
673 2588 776 2651 tollere
797 2590 827 2650 in
851 2589 925 2650 altos

64 2674 185 2750 optabam
208 2673 337 2752 primum
359 2674 469 2736 montis
490 2674 680 2753 primumque
702 2675 854 2753 petebam,

65 2754 176 2838 abnegat
198 2757 295 2819 excisa
316 2758 402 2819 vitam
425 2759 591 2838 producere
613 2759 700 2819 Troia

66 2844 245 2950 exsiliumque
266 2843 336 2946 pati
377 2837 442 2905 ‘vos
464 2864 498 2916 o,
522 2844 630 2923 quibus
651 2845 765 2922 integer
787 2843 848 2904 aeri

64 2924 183 3008 sanguis'
209 2928 249 2988 ait
267 2923 446 3007 ‘solidaeque
469 2949 523 2991 suo
545 2939 623 2992 stant
647 2929 753 2990 robore
774 2928 865 3003 vires,

64 3027 104 3074 tos
123 3014 229 3093 agitate
251 3012 359 3093 iugam.

66 3111 101 3158 ne
121 3099 145 3160 si
167 3097 323 3160 caelicolae
346 3097 506 3161 volnissent
528 3098 636 3160 ducere
658 3098 760 3171 vitam,

66 3178 106 3244 bas
126 3185 195 3245 mibi
217 3192 384 3245 servassent
404 3185 498 3246 sedes.
541 3184 611 3245 satis
633 3201 693 3244 una
713 3200 861 3263 superque

66 3266 175 3331 vidimus
197 3268 308 3330 excidia
331 3279 361 3329 et
382 3278 483 3348 captae
505 3269 707 3349 superavimus
729 3267 805 3330 urbi.

66 3351 112 3428 sic,
133 3354 216 3415 osic
238 3354 367 3433 positum
390 3354 478 3415 adfati
499 3353 640 3416 discedite
662 3372 780 3435 corpus.

66 3433 118 3515 ipse
138 3457 227 3500 manu
250 3447 377 3499 mortem
400 3438 563 3502 inveniam:
585 3438 773 3501 miserebitur
794 3437 887 3500 hostis
1080 3443 1124 3493 616

138 3592 188 3644 616
207 3589 288 3640 bardo
300 3586 389 3640 Murci
401 3587 442 3653 11²,
460 3587 558 3640 Monac.
573 3590 665 3651 10'119,
677 3587 755 3640 Basil.
767 3585 898 3652 Atiienry
914 3582 934 3634 11
947 3586 1014 3648 268)
1032 3595 1124 3635 comm.

10 3662 12 3695 Ι
67 3650 140 3719 Serr.;
157 3656 217 3710 bad
235 3655 311 3711 Ribb
390 3659 469 3710 619
457 3674 468 3706 e
485 3672 552 3723 rope
569 3655 653 3708 Heius
722 3653 792 3719 sugo
811 3601 898 3715 Leid,
905 3649 964 3702 inde
983 3656 1007 3701 te
1025 3667 1071 3715 er„
1088 3666 1125 3714 an,

65 3718 123 3788 suga
140 3724 249 3778 fleidtm.
331 3725 381 3777 632
398 3725 445 3795 oq
469 3723 489 3775 P
523 3726 572 3776 deo
589 3721 752 3793 M²V²y¹b¹c¹
764 3720 835 3772 Serv
853 3719 928 3772 Prob.
948 3720 1025 3784 69,.6
1044 3718 1125 3773 schol.

66 3787 220 3859 venturo
238 3777 590 3857 incendiorumque
663 3793 712 3845 645
730 3787 898 3840 manen-siin.
913 3789 986 3851 1881,
999 3790 1040 3844 41.
1069 3805 1128 3842 mu·
