2286 4394
86 224 124 283 16
457 223 787 280 ravenemnnnoms

84 411 128 462 est
149 398 247 471 locus,
272 397 442 476 Hesperiam
466 396 533 457 Grai
557 399 734 477 cognomine
757 400 875 475 dicunt,

83 494 162 547 terra
185 483 315 562 antiqua,
337 492 444 561 potens
466 483 554 543 armis
576 493 664 563 atque
687 483 778 547 ubere
801 487 936 566 glaebac;

84 568 207 633 Oenotri
232 569 351 629 coluere
373 567 442 642 viri,
466 586 547 628 nunc
569 570 645 630 lama
666 570 799 634 minor&

82 655 192 716 ltaliam
215 654 322 714 dixisse
344 652 427 714 ducis
448 653 484 714 de
507 655 629 715 nomine
651 666 786 733 gentem:

82 741 130 801 hic
154 758 257 800 cursus
280 738 349 813 luit;

81 845 149 888 cum
172 824 269 886 subito
292 823 455 902 adsurgens
477 824 569 884 fluctu
592 823 744 886 nimbosus
767 826 859 888 Orion

83 910 113 972 in
135 911 206 971 vada
229 928 314 971 caeca
337 908 403 969 tulit
425 909 603 988 penitusque
626 910 801 988 procacibus
823 913 935 975 austris·

82 1014 196 1076 perque
218 994 312 1056 undas
334 1002 493 1074 superante
516 993 591 1065 salo,
615 1013 726 1074 perque
749 996 824 1058 invia
847 1016 914 1059 saxa

79 1081 216 1159 dispulit:
240 1081 297 1141 huc
319 1080 405 1158 pauci
427 1078 531 1140 vestris
553 1080 723 1142 adnavimus
745 1081 814 1143 oris.

82 1167 160 1246 quod
184 1183 278 1245 genus
301 1165 357 1225 boc
379 1162 555 1225 hominum?
581 1183 689 1242 quaeve
711 1166 792 1227 bunc
814 1177 873 1227 tam
896 1168 1020 1232 barbara
1043 1191 1141 1235 morer

81 1251 224 1330 permittit
245 1247 362 1329 patria‘l
385 1249 512 1327 bospitio
533 1249 727 1328 prohibemur
748 1252 892 1328 barenae;

81 1336 156 1396 bella
180 1335 260 1395 cient
281 1334 435 1414 primaque
457 1344 557 1396 vetant
579 1335 741 1398 consistere
764 1347 852 1398 terra.

79 1422 105 1482 si
127 1438 221 1499 genus
243 1420 405 1480 humanum
428 1428 456 1480 et
478 1420 610 1481 mortalia
632 1421 763 1483 temnitis
784 1439 880 1496 arma,

80 1516 110 1568 at
131 1515 247 1586 sperate
269 1505 341 1566 deos
362 1523 508 1566 memores
529 1505 610 1566 fandi
632 1514 719 1585 atque
742 1508 870 1568 nefandi.

81 1611 133 1653 rex
155 1599 218 1651 erat
240 1592 354 1652 Aeneas
377 1589 478 1662 nobis,
501 1608 560 1669 quo
583 1591 688 1653 iustior
710 1592 783 1652 alter

81 1695 137 1738 nec
160 1676 268 1754 pietate
290 1676 345 1737 luit
367 1694 423 1736 nec
446 1674 523 1736 bello
545 1677 639 1737 maior
660 1687 689 1737 et
711 1677 808 1740 armis.

81 1780 169 1841 quem
191 1761 215 1822 si
238 1763 295 1822 lata
317 1761 411 1822 virum
436 1772 568 1833 servant,
590 1762 614 1822 si
636 1762 763 1823 vescitur
785 1780 856 1823 aura

80 1847 209 1908 aetheria
232 1864 329 1925 neque
351 1846 446 1907 adbuc
469 1845 637 1908 crudelibus
660 1847 785 1908 occubat
807 1850 933 1923 umbris,

81 1951 142 1993 non
165 1941 275 2005 metus;
299 1931 396 1993 officio
420 1940 526 1993 necte
549 1941 677 1993 certasse
699 1932 829 2010 priorem

80 2017 236 2098 paeniteat.
281 2027 351 2079 sunt
373 2026 403 2078 ct
424 2017 529 2079 Siculis
551 2017 723 2096 regionibus
744 2016 834 2080 urbes

79 2122 236 2182 armaque,
259 2103 448 2180 Troianoque
469 2121 485 2162 a
508 2103 652 2182 sanguine
675 2102 771 2163 clarus
793 2105 922 2166 Acestes.

78 2198 243 2270 quassatam
265 2188 361 2250 ventis
382 2188 468 2248 liceat
489 2187 654 2249 subducere
676 2188 796 2249 classem

79 2285 110 2336 et
131 2274 209 2336 silvis
232 2282 331 2351 aptare
353 2272 450 2333 trabes
473 2283 502 2332 et
524 2272 670 2350 stringere
693 2290 805 2347 remos,

77 2360 102 2421 si
125 2360 211 2419 datur
232 2358 343 2418 ltaliam
366 2357 453 2417 sociis
476 2367 505 2416 et
526 2374 596 2435 rege
619 2365 738 2437 recepto

78 2444 211 2517 tendere,
234 2452 267 2503 ut
289 2442 399 2503 ltaliam
421 2441 489 2502 laeti
511 2441 685 2521 Latiumque
707 2450 855 2521 petamus;

79 2529 124 2591 sin
148 2528 301 2607 absumpta
324 2527 402 2589 salus
424 2536 453 2587 et
475 2536 520 2603 te,
544 2537 628 2606 pater
651 2528 760 2608 optime
783 2528 949 2600 Teucrum,

79 2622 189 2693 pontus
211 2613 300 2675 habet
321 2612 430 2693 Libyae
453 2631 509 2673 nec
532 2632 599 2692 spes
622 2613 678 2673 iam
701 2621 791 2674 restat
813 2613 883 2687 luli,

77 2708 108 2759 at
129 2700 202 2759 treta
225 2698 358 2759 Sicaniae
380 2698 482 2759 saltem
505 2700 648 2777 sedesque
670 2707 800 2777 paratas,

79 2783 158 2845 unde
181 2785 238 2844 buc
261 2783 386 2857 advecti,
409 2801 570 2863 regemque
592 2793 725 2863 petamus
747 2773 892 2845 Acesten?

77 2867 183 2930 talibus
205 2868 350 2944 Ilioneus;
373 2870 474 2930 cuncti
496 2870 582 2931 simul
606 2887 657 2930 ore
679 2868 844 2930 fremebant

79 2953 268 3014 Dardanidae.

164 3038 238 3099 Tum
261 3038 388 3100 breviter
411 3040 484 3100 bido
507 3040 617 3100 voltum
640 3037 764 3099 demissa
787 3040 934 3118 protatur:

72 3119 190 3184 ‘solvite
213 3125 302 3185 eorde
323 3133 450 3197 metum,
474 3124 595 3198 Teucri,
618 3122 758 3185 secludite
781 3141 875 3185 curas.

77 3228 125 3270 res
148 3210 221 3269 dura
244 3219 273 3270 et
295 3210 379 3288 regni
403 3209 515 3270 novitas
537 3227 583 3269 me
607 3208 672 3268 talia
695 3216 807 3286 cogunt

77 3294 175 3355 moliri
198 3306 227 3355 et
249 3295 305 3355 late
328 3294 396 3354 sinis
418 3295 539 3355 custode
561 3293 648 3355 tueri.

77 3381 143 3458 quis
165 3399 260 3458 genus
282 3380 468 3452 Aeneadum,
492 3379 558 3457 quis
580 3377 684 3437 Troiae
708 3377 821 3437 nesciat
842 3377 962 3452 urbem,

76 3467 257 3543 virtutesque
279 3465 415 3542 virosque
438 3472 489 3524 aut
511 3463 583 3523 tanti
606 3461 743 3522 incendia
766 3461 857 3523 belli‘l

77 3571 138 3613 non
163 3549 289 3611 obtunsa
311 3549 383 3609 adeo
407 3556 553 3627 gestamus
575 3555 693 3626 pectora
716 3547 823 3620 Poeni,

77 3645 212 3698 nectam
236 3653 353 3696 aversus
377 3653 468 3712 equos
490 3632 576 3713 Tyria
599 3632 649 3693 Sol
672 3633 766 3710 iungit
789 3633 825 3693 ab
848 3632 931 3694 urbe.

161 3788 211 3838 534
229 3788 281 3836 buc
297 3805 328 3850 χ,
347 3783 380 3837 ct,
400 3783 470 3836 Serv.
558 3785 606 3836 548
625 3783 682 3850 nec]
702 3800 734 3834 ne
752 3782 827 3835 Goth.
844 3786 876 3836 54
895 3789 921 3835 et
938 3783 1042 3836 llamb.²

74 3855 262 3984 ppg4pqo0qqua
279 3852 304 3904 lll
327 3852 387 3904 -P
433 3858 491 3920 post
510 3851 576 3904 bunc
594 3867 618 3905 v.
637 3850 844 3904 lac.stat.Ribb.
916 3852 1141 3918 assequentur
