2286 4394
77 179 137 240 196
450 176 478 229 P.
492 174 617 230 vexent
635 174 788 231 hunonis

76 362 119 415 ast
141 351 213 412 alios
235 365 336 411 secum
359 347 484 409 includit
506 348 670 428 recipitque
693 353 828 426 ruentis,

75 439 211 509 demens,
234 435 285 514 qui
308 432 449 493 Rutulum
473 433 503 495 in
528 434 624 495 medio
648 453 710 496 non
734 438 857 517 agmine
880 457 982 520 regem

74 521 180 584 viderit
201 521 424 599 inrumpentem
447 517 584 598 ultroque
607 519 762 583 incluserit
785 524 871 599 urbi,

75 608 235 669 immanem
257 604 346 666 veluti
368 621 475 684 pecora
498 604 577 665 inter
598 605 704 666 inertia
726 606 839 687 tigrim.

76 691 219 754 continuo
243 709 316 752 nova
339 688 388 749 lux
411 688 504 751 oculis
527 689 636 752 ellulsit
657 701 687 752 et
709 710 791 754 arma

76 775 259 839 horrendum
283 792 427 849 sonuere,
450 783 583 836 tremunt
604 775 634 836 in
657 777 768 838 vertice
791 778 901 842 cristae

78 863 258 944 sanguineae
281 861 436 939 clipeoque
458 860 597 921 micantia
618 861 741 922 lulmina
766 864 867 928 mittit.

162 948 357 1029 Adgnosount
380 945 482 1007 faciem
505 945 627 1007 inrisam
650 957 738 1026 atque
761 948 907 1013 immania
930 951 1049 1014 membra

78 1034 188 1096 turbati
211 1033 309 1095 subito
329 1030 492 1092 Aeneadae.
537 1039 601 1091 tum
623 1031 776 1095 Pandarus
799 1035 909 1115 ingens

78 1120 184 1181 emicat
206 1129 236 1180 et
258 1116 360 1178 mortis
381 1117 527 1176 fraternae
550 1116 679 1178 fervidus
701 1117 744 1178 ira

78 1206 198 1265 ellatur:
218 1197 294 1263 ‘non
317 1201 390 1262 haec
412 1200 517 1262 dotalis
538 1201 618 1281 regia
638 1203 774 1278 Amatae,

79 1307 135 1349 nec
156 1287 249 1348 muris
271 1285 389 1347 cohibet
411 1285 513 1365 patriis
534 1285 629 1347 media
652 1287 747 1350 Ardea
771 1288 919 1352 Turnum.

78 1382 172 1435 castra
194 1371 312 1432 inimica
334 1370 428 1444 vides,
452 1370 533 1431 nulla
554 1371 625 1433 hinc
647 1373 727 1434 exire
750 1371 902 1453 potestas.'

79 1458 128 1518 olli
150 1456 306 1519 subridens
327 1455 427 1516 sedato
450 1465 572 1535 pectore
594 1456 728 1520 Turnus:

76 1536 204 1622 ‘incipe‚
227 1542 251 1603 si
274 1559 332 1620 qua
353 1540 452 1601 anirno
474 1541 581 1613 virtus,
605 1553 634 1603 et
656 1561 780 1605 consere
803 1543 953 1608 dextram!

78 1628 127 1688 hic
150 1628 235 1689 etiarn
259 1627 412 1687 inventum
436 1626 553 1688 Priamo
576 1628 710 1690 narrabis
732 1626 887 1691 Achillen?

79 1713 202 1774 dixerat.
246 1712 294 1774 ille
318 1711 422 1773 rudem
445 1711 531 1774 nodis
552 1721 582 1773 et
604 1714 715 1775 cortice
737 1715 831 1776 crudo

81 1799 233 1879 intorquet
254 1798 376 1859 summis
399 1796 524 1859 adnixus
544 1796 654 1860 viribus
676 1800 804 1873 hastam;

83 1902 227 1964 excepere
250 1902 354 1956 aurae,
377 1883 482 1945 volnus
505 1881 643 1945 Saturnia
664 1884 741 1945 luno

81 1970 205 2031 detorsit
225 1969 363 2042 veniens,
387 1977 548 2047 portaeque
571 1968 704 2049 infigitur
726 1970 818 2031 hasta.

78 2047 119 2115 ‘at
143 2075 204 2116 non
228 2055 285 2114 hoc
306 2054 414 2126 telum,
437 2072 503 2114 mea
525 2054 605 2132 quod
626 2053 653 2115 vi
676 2055 797 2116 dextera
819 2065 931 2130 versat,

82 2141 217 2218 ellugies3
245 2158 342 2218 neque
366 2139 446 2200 enim
468 2139 493 2200 is
515 2139 564 2200 teli
588 2158 644 2200 nec
666 2139 795 2202 volneris
817 2136 954 2202 auctorl‘

81 2226 123 2286 sic
146 2226 185 2285 ait
206 2234 236 2285 et
258 2224 404 2285 sublatum
426 2223 484 2284 alte
506 2224 660 2304 consurgit
682 2226 712 2286 in
736 2242 838 2286 ensem

82 2319 110 2371 et
132 2309 255 2370 mediam
278 2310 357 2369 lerro
379 2309 496 2387 gemina
519 2310 597 2371 inter
619 2319 753 2390 tempora
776 2311 906 2371 lroutem

82 2394 182 2455 dividit
205 2393 391 2471 impubisque
414 2394 535 2454 immani
558 2394 678 2456 volnere
701 2394 801 2456 malas.

83 2481 116 2539 tit
138 2497 244 2550 soum,
268 2478 382 2556 ingenti
405 2496 550 2538 concussa
573 2490 618 2541 est
640 2482 771 2560 pondere
794 2480 897 2556 tellus;

83 2563 239 2641 conlapsos
262 2571 342 2623 artus
364 2571 451 2640 atque
475 2581 554 2623 arma
578 2575 699 2626 cruenta
723 2565 847 2627 cerebro

82 2649 187 2710 sternit
210 2648 290 2709 humi
313 2647 460 2722 moriens,
483 2658 573 2727 atque
596 2651 636 2711 illi
659 2651 792 2732 partibus
816 2652 918 2730 aequis

82 2735 141 2797 huc
164 2743 251 2813 caput
274 2742 361 2812 atque
384 2733 453 2795 illuc
476 2753 579 2796 umero
602 2755 638 2797 ex
661 2747 789 2816 utroque
811 2738 965 2817 pependit.

167 2820 333 2900 Diffugiunt
354 2820 430 2882 versi
452 2821 567 2900 trepida
591 2822 748 2883 formidine
771 2822 873 2884 Troes.

82 2915 126 2981 et,
150 2907 173 2967 si
197 2906 340 2967 continuo
363 2906 503 2968 victorem
527 2926 560 2968 ea
584 2927 654 2969 cura
677 2908 819 2981 subisset,

83 3010 221 3070 rumpere
244 2991 368 3052 claustra
392 3011 480 3054 manu
504 2993 659 3072 sociosque
681 2993 838 3054 immittere
860 2993 970 3072 perth,

83 3075 202 3137 ultimus
224 3075 271 3136 ille
295 3075 357 3136 dies
379 3076 456 3136 bello
479 3078 620 3156 gentique
643 3079 753 3141 suisset.

83 3161 133 3220 sed
157 3161 240 3220 luror
263 3161 417 3220 ardentem
440 3161 597 3240 caedisque
620 3164 723 3225 insana
746 3163 853 3243 cupido

84 3245 142 3323 egit
164 3245 195 3304 iu
219 3244 364 3305 adversos.

84 3329 230 3409 principio
253 3329 400 3390 Phalerim
423 3337 452 3389 et
474 3330 592 3392 succiso
615 3332 727 3412 poplite
751 3333 852 3412 Gygen

84 3415 205 3494 excipit,
230 3415 300 3475 hinc
322 3424 419 3494 raptas
441 3415 628 3496 fugientibus
650 3417 759 3498 ingerit
781 3419 878 3478 hastas

84 3501 113 3560 in
138 3509 266 3581 tergum:
292 3501 366 3561 luno
390 3501 457 3563 viris
480 3503 672 3581 animumque
694 3503 850 3564 ministrat.

83 3587 163 3647 addit
185 3587 288 3668 Halym
313 3588 448 3648 comitem
473 3598 503 3649 et
527 3591 641 3650 confixa
666 3588 779 3667 Phegea
803 3606 917 3667 parma,

45 3775 47 3778 -
87 3698 217 3789 *fh-⁶733
238 3739 371 3804 clipeique
389 3738 437 3807 Py¹
491 3738 629 3789 mittetltl¹
664 3735 1055 3807 mittuntPRy¹hlaccSatV

85 3803 133 3852 747
153 3804 234 3854 librat
252 3805 273 3855 P
292 3807 335 3857 a’o
410 3810 460 3859 rte
479 3824 505 3856 es
524 3806 599 3874 Pyn2,
618 3806 677 3857 inde
695 3823 721 3855 ea
741 3807 787 3856 tata·
805 3805 905 3858 Schrdl.
926 3807 999 3869 1888,
1019 3810 1041 3857 ἵ.

84 3884 191 3920 aversos
208 3825 292 3924 nand.
382 3875 430 3924 764
450 3879 544 3938 tergas
562 3873 696 3925 P¹RSerr.
716 3873 749 3938 pl.
769 3874 778 3925 l
798 3877 856 3927 211.
876 3873 949 3926 Ribb.
