2286 4394
73 159 136 222 202
445 161 475 218 P.
488 161 615 216 vanum
631 161 783 218 1111101118

75 332 203 396 obiecit?
226 354 300 415 quae
322 352 409 396 causa
431 335 486 396 luit
507 353 689 414 consurgere
711 336 744 397 in
768 355 856 398 arma

74 420 283 500 Europamque
305 420 463 500 Asiamque
484 430 515 481 et
535 420 654 483 loodera
674 421 792 483 solvere
815 420 926 484 lurto‘i

75 523 122 566 me
143 505 218 566 duce
240 505 404 568 dardanius
425 505 559 585 Spartam
580 506 760 587 expugnavit
780 508 903 570 adulter

75 599 126 652 aut
147 608 202 669 ego
224 590 282 651 tela
303 591 370 652 dedi
392 592 485 652 lovive
507 590 652 672 Cupidine
673 588 773 653 bellai

75 685 138 736 tum
161 674 259 737 decuit
280 676 419 737 metuisse
442 676 515 749 tuis,
538 695 620 738 nune
641 695 706 739 sera
727 677 872 756 querellis

75 759 153 821 haud
177 761 261 823 iustis
282 761 417 841 adsurgis
437 769 468 822 et
488 761 575 824 inrita
597 762 691 841 iurgia
713 753 829 824 iactas'

161 844 281 908 Talibus
303 845 406 908 orabat
428 846 501 908 luno
524 846 684 926 cunctique
705 846 876 910 fremebant

77 931 232 993 caelicolae
254 931 382 993 adsensu
403 933 500 1007 vario,
523 951 578 994 eeu
599 932 718 993 flamina
738 932 834 1012 prima

77 1034 146 1079 cum
168 1016 312 1098 deprensa
333 1019 466 1078 lremuot
485 1017 565 1080 silvis
586 1026 616 1079 et
636 1036 723 1079 caeca
744 1018 883 1080 volutant

77 1120 228 1164 murmura
250 1111 392 1165 venturos
414 1103 510 1164 nautis
531 1103 687 1183 prodentia
706 1110 822 1164 ventos

77 1198 140 1248 tum
162 1196 245 1267 pater
267 1188 471 1268 omnipotens,
493 1207 593 1250 rerum
616 1188 664 1249 cui
685 1187 780 1268 prima
801 1199 951 1268 potestas,

77 1271 144 1332 inflt
166 1277 213 1346 (eo
236 1272 352 1333 dicente
373 1273 461 1333 deum
485 1272 590 1336 domus
611 1273 668 1334 alta
689 1272 799 1334 silescit

77 1365 107 1416 et
128 1357 297 1417 tremefacta
319 1357 383 1418 solo
405 1358 508 1431 tellus,
530 1359 597 1421 silet
617 1359 727 1420 arduus
747 1356 866 1433 aether;

78 1450 140 1501 tum
164 1441 289 1521 Zephyri
311 1460 454 1523 posuere,
477 1445 586 1522 premit
608 1443 721 1525 placida
743 1461 872 1522 aequora
895 1444 1031 1523 pontus):

74 1520 212 1605 ‘accipite
235 1544 306 1607 ergo
329 1527 435 1589 animis
455 1537 544 1608 atque
566 1530 638 1591 haec
660 1546 725 1590 mea
747 1527 828 1608 figite
849 1527 939 1590 diota.

78 1609 318 1691 quandoquidem
340 1613 488 1675 Ausonios
509 1614 652 1694 coniungi
674 1612 794 1674 loedere
815 1613 942 1675 Teucris

79 1696 157 1758 haud
179 1696 291 1759 licitum
314 1717 369 1761 nec
391 1707 487 1761 vestra
509 1701 588 1780 capit
608 1699 753 1761 discordia
775 1699 879 1772 tinem,

80 1800 155 1861 quae
177 1782 284 1864 eurique
307 1794 351 1846 est
373 1785 491 1846 lortuna
513 1785 614 1858 hodie,
636 1802 726 1863 mam
747 1783 873 1862 quisque
894 1794 976 1847 secat
997 1803 1061 1865 spen

79 1867 154 1930 Tros
176 1868 342 1931 Rutulusne
365 1871 441 1944 luat,
465 1870 546 1931 nullo
569 1870 739 1932 discrimine
759 1867 890 1944 habebo,

77 1972 130 2015 seu
152 1954 219 2015 latis
242 1955 347 2017 Italum
369 1964 464 2018 castra
487 1955 641 2017 obsidione
661 1963 804 2017 tenentur

76 2039 137 2100 sive
160 2057 261 2100 errore
283 2041 358 2102 malo
382 2041 487 2102 Troiae
510 2040 688 2120 monitisque
710 2039 846 2102 sinistris.

79 2142 135 2185 nec
157 2124 282 2187 Rutulos
303 2127 394 2188 solvo.
438 2146 490 2188 sua
512 2126 620 2206 cuique
642 2143 747 2189 exorsa
768 2123 901 2186 laborem

77 2209 286 2290 fortunamque
308 2212 413 2274 serent.
455 2231 508 2273 rex
529 2211 662 2293 luppiter
684 2209 821 2272 omnihus
843 2209 930 2271 idem.

78 2296 135 2355 lata
157 2295 231 2355 viam
255 2292 433 2358 invenient.’
479 2297 571 2378 Stygii
593 2315 648 2377 per
668 2296 790 2358 llnmina
811 2295 926 2366 fratris,

79 2398 133 2460 per
155 2381 220 2459 pice
243 2382 384 2442 torrentis
406 2390 527 2460 atraque
549 2381 689 2461 voragine
711 2381 789 2460 ripas

78 2464 179 2524 adnuit
202 2473 231 2524 et
253 2474 347 2525 totum
370 2475 444 2526 nutu
468 2468 632 2528 tremefecit
655 2467 821 2548 Olympum.

78 2548 125 2608 hic
147 2547 214 2610 linis
238 2549 326 2609 laudi.
371 2550 444 2611 solio
467 2559 530 2610 tum
551 2552 685 2632 luppiter
706 2571 796 2613 aureo

78 2633 187 2712 surgit,
210 2634 365 2696 caelicolae
387 2635 515 2697 medium
539 2655 628 2715 quem
651 2637 686 2698 ad
708 2636 809 2698 limina
831 2635 956 2697 ducunt.

164 2718 279 2781 interea
301 2720 402 2783 Rutuli
424 2722 517 2802 portis
539 2723 652 2783 circum
675 2723 812 2784 omnibus
834 2721 946 2782 instant

78 2815 211 2868 sternere
234 2807 321 2867 caede
344 2808 422 2870 viros
444 2817 473 2869 et
495 2808 609 2869 moenia
633 2806 751 2886 cingere
773 2806 907 2867 llammis.

78 2899 107 2952 at
128 2892 205 2973 legio
228 2894 397 2955 Aeneadum
420 2894 501 2956 vallis
523 2893 641 2955 obsessa
662 2902 783 2953 tenetur

79 2997 134 3039 nec
157 2998 224 3058 spes
247 2978 304 3040 ulla
327 2980 421 3058 lugae.
465 2980 565 3041 miseri
586 2987 665 3040 stent
686 2977 817 3039 turribus
838 2975 904 3036 altis

79 3064 257 3141 nequiquam
282 3074 311 3124 et
332 3083 398 3125 rara
422 3083 522 3126 muros
545 3065 665 3125 cinxere
687 3081 813 3125 corona:

78 3148 164 3208 Asius
186 3146 362 3210 lmhrasides
386 3149 634 3228 Hicetaoniusque
655 3148 831 3229 Thymoetes

78 3232 271 3310 Assaracique
293 3232 351 3293 duo
374 3243 404 3294 et
424 3233 526 3295 senior
548 3252 614 3294 curn
638 3233 758 3296 Castore
781 3230 938 3312 Thymbris

79 3317 172 3398 prima
195 3316 286 3392 acies3
310 3319 363 3380 hos
384 3318 517 3398 germani
540 3318 720 3398 Sarpedonis
741 3317 845 3389 ambo,

79 3412 109 3465 et
131 3402 232 3465 Clarus
254 3411 283 3463 et
304 3403 473 3477 Thaemon,
498 3404 585 3484 Lycia
607 3405 787 3466 comitantur
809 3401 844 3462 ab
867 3400 933 3460 alta.

166 3575 199 3626 94
217 3576 279 3623 tunc
298 3571 372 3694 PRIc
425 3574 457 3626 96
476 3573 552 3636 luno]
572 3574 651 3624 dictis
668 3571 717 3642 1³7¹
781 3572 828 3621 100
844 3569 944 3634 prima}
962 3582 1061 3617 mmmo

78 3638 168 3712 tulty’
238 3643 286 3694 102
303 3658 333 3693 so
345 3645 370 3706 o]
387 3644 448 3694 situ
466 3639 564 3694 Peerllr.
642 3641 689 3693 108
708 3638 854 3690 Rutulusne
870 3634 987 3707 yu²b²cm

78 3706 162 3760 domn.
176 3707 283 3775 Peerlk,
303 3710 395 3791 ruello
408 3709 482 3762 Ribb.
545 3713 592 3762 lld
611 3711 753 3789 monituva
770 3705 850 3806 Pp¹ln¹
909 3706 952 3757 111
974 3718 1024 3753 noc
1040 3719 1061 3769 p

80 3772 178 3829 Nonius
197 3780 254 3842 390,
267 3780 313 3839 ³3;
332 3777 407 3833 Ribb.
470 3778 518 3828 124
539 3775 653 3843 ripum
671 3776 687 3827 1.
700 3790 737 3841 pr.
751 3774 786 3826 Ru
801 3775 847 3837 bg
918 3772 965 3823 116
987 3770 1061 3822 Tiar«

79 3840 200 3895 Chaereas
218 3844 318 3898 ltostlin
337 3845 561 3907 portisculus.
