2286 4394
82 231 142 291 188
449 232 478 286 Ρ.
490 231 617 286 vertetu
634 231 783 287 usuuuts

80 403 174 464 exitiis
195 405 327 482 positura
350 404 480 465 modum.

80 505 170 568 quare
192 488 268 567 agite
291 497 320 549 et
343 489 439 569 primo
461 489 528 550 laeti
551 507 620 550 eum
642 489 755 551 lumine
777 490 865 562 solis,

80 591 155 652 quae
177 571 256 644 loca,
280 574 366 652 quire
386 573 516 634 habeant
537 574 689 647 homines,
712 574 765 636 ubi
788 577 906 638 moenia
928 577 1026 657 gentis,

78 658 255 738 vestigemus
277 667 306 718 et
329 677 344 718 a
366 667 456 737 portu
477 659 590 720 diversa
611 668 757 739 petamus.

80 761 161 804 nunc
184 752 299 822 pateras
321 743 410 804 libate
433 742 491 804 lovi
515 743 713 823 precibusque
733 753 837 806 vocate

79 828 228 890 Anchisen
251 828 417 906 genitorem
439 837 470 889 et
490 829 557 889 vina
580 830 716 907 reponite
739 825 869 892 mensis?

80 914 122 974 sic
143 912 250 974 deinde
272 913 376 974 effatus
398 913 549 974 frondenti
571 921 703 994 tempora
726 933 810 977 ramo

79 999 208 1079 implicat
231 1007 261 1059 et
282 999 462 1078 geniumque
484 998 542 1058 loci
563 999 749 1079 primamque
771 1001 897 1062 deorum

80 1084 228 1145 Tellurem
252 1083 454 1163 nymphasque
475 1091 505 1143 et
526 1082 621 1145 adhue
643 1084 743 1164 ignota
765 1095 908 1164 precatur

80 1168 216 1241 flumina,
240 1174 302 1228 tum
325 1168 448 1229 Noctem
469 1167 630 1247 Noctisque
652 1169 776 1231 orientia
798 1171 885 1251 signa

78 1253 258 1330 Idaeumque
279 1252 378 1313 lovem
400 1252 617 1333 Phrygiamque
639 1272 675 1314 ex
698 1253 802 1316 ordine
825 1267 949 1318 matrem

79 1338 196 1397 invocat
217 1345 247 1397 et
268 1336 394 1416 duplicis
416 1337 557 1416 caeloque
580 1337 736 1417 Ereboque
758 1351 908 1419 parentes.

79 1422 126 1482 bic
148 1429 232 1500 pater
253 1422 444 1501 omnipotens
464 1431 511 1483 ter
532 1422 614 1484 eaelo
635 1423 732 1486 clarus
753 1423 790 1485 ab
813 1427 874 1488 alto

78 1505 209 1567 intonuit
230 1506 378 1584 radiisque
400 1508 554 1568 ardentem
575 1507 650 1570 lueis
671 1518 702 1569 et
722 1526 796 1570 auro

78 1591 141 1670 ipse
163 1609 252 1653 manu
276 1592 411 1670 quatiens
433 1592 562 1653 ostendit
582 1592 620 1653 ah
643 1593 760 1656 aethere
784 1594 905 1656 nubem.

77 1675 187 1737 diditur
209 1676 256 1737 hic
278 1676 376 1737 subito
398 1677 523 1738 Troiana
546 1695 601 1757 per
623 1678 739 1756 agmina
761 1696 865 1740 rumor

78 1761 228 1824 aduenisse
250 1761 343 1835 dem,
366 1780 425 1841 quo
449 1762 545 1823 debita
568 1763 684 1824 moenia
706 1763 847 1826 condant.

77 1847 211 1908 certatim
233 1848 400 1908 instaurant
421 1847 522 1927 epulas
543 1857 632 1926 atque
655 1847 754 1909 omine
776 1866 885 1928 magno

78 1940 206 1993 crateras
227 1931 295 1993 laeti
317 1939 451 1994 statuunt
472 1943 502 1993 et
523 1932 589 1992 vina
611 1941 766 1994 coronant.

162 2017 284 2080 Postera
307 2035 374 2080 cum
396 2017 490 2098 prima
511 2017 654 2079 lustrabat
675 2017 808 2097 lampade
830 2028 925 2081 terras

78 2112 141 2164 orta
165 2103 240 2177 dies,
264 2102 368 2164 urbem
391 2112 421 2164 et
443 2103 510 2164 fluis
532 2109 561 2163 et
582 2102 667 2164 litora
689 2102 786 2182 gentis

77 2187 182 2250 diversi
204 2189 372 2269 explorant:
401 2188 474 2249 haec
495 2187 586 2248 fontis
607 2198 710 2267 stagna
732 2186 864 2261 Numici,

78 2274 158 2334 lruuc
179 2273 320 2352 Thybrim
344 2273 480 2347 fluvium,
503 2272 551 2333 hic
573 2273 657 2334 sortis
679 2271 812 2333 hahitare
837 2272 966 2336 Latinos.

76 2366 139 2417 tum
161 2364 241 2418 satus
264 2357 389 2418 hnchisa
412 2357 540 2419 delectos
563 2357 666 2418 ordine
688 2357 724 2417 ab
746 2357 828 2419 omui

77 2450 196 2502 eentum
220 2450 353 2502 oratores
375 2450 497 2520 augusta
521 2443 555 2503 ad
579 2443 694 2504 moenia
717 2441 795 2520 regis

77 2526 118 2585 iro
140 2525 236 2599 iubet,
260 2526 348 2588 ramis
371 2526 480 2588 velatos
504 2527 625 2589 Palladis
648 2527 761 2600 omnis,

77 2611 213 2690 donaque
236 2612 314 2672 lerre
336 2612 398 2672 viro
421 2630 584 2691 pacemque
607 2629 766 2693 exposcere
788 2611 920 2674 Teucris.

76 2697 151 2757 haud
175 2715 272 2772 mora,
296 2697 437 2758 festinant
458 2697 529 2759 iussi
550 2698 718 2778 rapidisque
740 2697 878 2759 feruntur

77 2781 225 2861 passibus3
249 2783 311 2863 ipse
333 2782 437 2844 humili
460 2783 594 2862 designat
616 2781 731 2844 moenia
754 2782 831 2843 lossa

77 2868 253 2948 moliturque
275 2869 375 2930 locum
396 2869 565 2949 primasque
588 2867 618 2928 iu
641 2867 727 2929 litore
749 2867 834 2927 sedes

76 2962 239 3016 castrorum
263 2954 292 3015 in
317 2973 433 3015 morem
454 2955 555 3035 pinnis
576 2962 664 3032 atque
686 2969 792 3031 aggere
815 2951 917 3030 cingit.

76 3039 192 3117 iamque
215 3039 270 3099 iter
292 3040 404 3101 emensi
426 3040 517 3101 turris
539 3056 573 3099 ac
595 3044 671 3098 tecta
694 3036 867 3098 Latinorum

75 3121 164 3183 ardua
188 3123 350 3184 cernebant
372 3124 492 3186 iuvenes
514 3141 659 3202 muroque
682 3120 835 3184 subibant:

117 3214 185 3267 ante
208 3206 311 3267 urbem
334 3208 420 3287 pueri
444 3218 473 3268 et
493 3209 643 3286 primaevo
666 3208 739 3269 llore
761 3207 898 3267 iuventus

117 3299 293 3354 exercentur
315 3292 400 3371 equis
422 3293 625 3372 domitantque
647 3294 678 3354 iu
701 3291 822 3372 pulvere
845 3308 951 3353 currus

117 3386 168 3439 aut
190 3377 265 3439 acris
287 3378 415 3439 tendunt
436 3395 523 3440 arcus
545 3389 595 3440 aut
616 3378 696 3439 lenta
717 3377 836 3440 lacertis

117 3463 228 3544 spicula
250 3472 453 3543 contorquent
474 3482 622 3544 cursuque
644 3464 764 3542 ictuque
786 3461 950 3533 lacessunt,

75 3569 141 3612 eum
165 3560 336 3631 praevectus
358 3569 436 3630 equo
458 3549 592 3631 longaevi
614 3549 692 3628 regis
713 3549 749 3610 ad
771 3547 850 3608 auris

76 3637 198 3698 nuntius
220 3636 349 3717 ingentis
371 3637 471 3716 ignota
495 3637 525 3698 in
548 3644 626 3698 veste
649 3643 781 3715 reportat

162 3841 209 3891 129
230 3840 321 3890 emilis
338 3853 404 3891 unus
422 3853 453 3890 ex
472 3836 608 3898 Gothenie,
626 3835 700 3887 Ribh.
807 3836 856 3889 134
873 3836 923 3884 et.
945 3872 950 3885 .
968 3835 1055 3883 mensi.

74 3902 146 3969 libb,
164 3905 276 3972 itemque
297 3904 380 3974 lldl'l.
452 3906 499 3959 160
518 3904 612 3955 Latine·
624 3902 662 3954 bl²
696 3903 824 3955 Latinum
842 3901 921 3955 inisse
940 3903 1026 3968 polest
1043 3901 1055 3951 i:
