2286 4394
66 221 111 283 24
437 220 771 276 ermommmms

65 396 227 458 insonuere
249 413 335 456 carae
356 396 559 474 gemitumque
580 395 686 456 dedere
707 413 858 456 cavernae.

66 489 111 555 ct,
134 481 159 542 si
181 480 363 553 sotadeum,
387 482 411 542 si
433 499 517 542 mens
540 500 600 541 non
624 481 703 542 laeva
724 480 841 554 luisset,

67 565 224 646 impulerat
246 567 324 627 lerro
347 567 497 645 Argolicas
520 567 637 626 foedare
658 565 799 637 latebras,
1112 576 1140 629 ll

67 651 216 730 Troiaque
238 669 319 712 nunc
341 661 448 724 staret,
471 651 639 730 Priamique
662 669 713 711 arx
735 651 792 711 alta
813 668 961 713 maneres.

152 736 247 810 Ecce,
270 755 376 799 manus
397 737 533 797 iuvenem
556 737 668 797 interea
691 745 758 815 post
781 745 862 816 terga
883 736 1052 798 revinctum

66 831 200 902 pastores
221 839 328 901 magno
350 822 385 882 ad
408 840 508 901 regem
531 821 659 882 clamore
680 820 838 882 trahebant

67 907 265 980 Dardanidae,
288 908 338 985 qui
361 927 392 968 se
415 908 549 986 ignotum
571 905 758 967 venientibus
781 907 875 973 ultro.

67 993 124 1053 hoc
147 993 245 1072 ipsum
268 1002 300 1053 ut
321 1001 448 1054 strueret
470 992 646 1071 Troiamque
668 992 796 1070 aperiret
817 990 949 1062 Achivis,

68 1076 215 1140 obtulerat
237 1077 333 1138 fidens
353 1077 443 1138 animi
465 1087 553 1155 atque
575 1077 606 1137 in
630 1086 787 1155 utrumque
809 1085 945 1156 paratus,

67 1181 119 1224 sen
143 1181 260 1224 versare
281 1162 366 1224 dolos
386 1181 438 1223 seu
461 1173 559 1223 certae
582 1161 758 1223 occumbere
780 1162 878 1223 morti.

68 1247 201 1326 undique
223 1246 335 1308 visendi
357 1246 453 1308 studio
475 1246 602 1308 Troiana
626 1247 761 1308 iuventus

68 1332 246 1393 circumfusa
268 1332 327 1391 ruit
350 1341 525 1410 certantque
546 1332 680 1392 inludere
703 1339 799 1412 capto.

67 1416 168 1496 accipe
190 1434 272 1478 nuno
295 1416 427 1477 Danaum
450 1416 570 1478 insidias
593 1426 623 1478 et
644 1417 767 1478 crimine
788 1415 825 1477 ab
847 1434 910 1477 uno
971 1429 991 1487 ι
1109 1423 1135 1474 d

67 1503 147 1562 disce
170 1500 275 1562 omnis.

68 1604 195 1664 namque
219 1595 251 1647 ut
273 1594 436 1664 conspectu
459 1587 489 1647 in
513 1586 609 1646 medio
632 1585 769 1648 turbatus
790 1587 914 1648 inermis

66 1671 202 1734 constitit
223 1681 310 1750 atque
333 1671 427 1731 oculis
448 1671 572 1751 Phrygia
594 1672 710 1749 agmina
733 1670 955 1752 circumspexit:

64 1750 153 1828 ‘hen,
177 1774 252 1835 quae
275 1773 357 1819 nunc
378 1750 496 1830 tellur',
519 1756 616 1834 inquit
636 1749 723 1834 ‘quae
745 1775 793 1817 me
815 1774 945 1835 aequora
966 1764 1094 1836 possunt

67 1839 227 1922 accipere?
249 1851 298 1902 aut
320 1840 391 1920 quid
412 1840 469 1901 iam
492 1841 601 1903 misero
623 1841 694 1902 mihi
716 1841 845 1920 deniqne
867 1849 973 1916 restat,
1112 1851 1138 1903 lt

66 1927 115 1988 cui
138 1945 236 2006 neque
257 1927 336 2007 apud
359 1927 475 1988 Danaos
497 1944 621 2007 usquam
643 1927 742 2001 locus,
763 1935 794 1988 et
814 1944 905 2006 super
925 1926 984 2007 ipsi

66 2012 250 2074 dardanidae
271 2012 381 2074 intensi
402 2030 516 2092 poenas
537 2031 605 2074 oum
627 2012 772 2091 sanguine
793 2007 955 2092 poscuntl’

67 2117 127 2178 quo
149 2099 262 2178 gemitu
284 2100 418 2160 conversi
441 2099 531 2159 animi
553 2116 741 2177 compressus
763 2106 792 2157 et
814 2097 911 2159 omnis

65 2184 202 2264 impetus.
247 2185 398 2246 hortamur
419 2184 488 2256 lari,
511 2202 570 2263 quo
592 2183 737 2262 sanguine
759 2192 870 2255 cretus,

67 2268 173 2347 quidve
196 2269 285 2343 lerat;
308 2278 468 2341 memoret,
491 2286 566 2346 qnae
588 2268 626 2328 sit
647 2268 752 2329 fiducia
775 2278 872 2347 capto.
1111 2277 1138 2328 rt

69 2353 205 2415 illelom
227 2354 353 2432 deposito
375 2351 489 2412 tandem
510 2352 669 2429 formidine
690 2353 791 2430 satur:

149 2431 275 2498 ‘Cuncta
298 2436 435 2515 equidem
456 2434 524 2508 tihi,
546 2453 615 2508 rex,
637 2436 728 2498 fuerit
750 2437 967 2516 quodcumque,
988 2436 1107 2499 fatebor

65 2511 141 2581 vera'
167 2521 265 2599 inquit
282 2517 394 2599 ‘neque
417 2538 463 2579 me
485 2520 620 2598 Argolica
643 2521 790 2601 degente
813 2521 943 2601 negabo;

64 2605 125 2666 hoo
146 2606 292 2684 primum3
315 2625 385 2679 nec,
408 2605 432 2666 si
455 2605 596 2666 misemm
618 2605 749 2668 Fortuna
773 2608 916 2669 Sinonem

66 2690 166 2765 finxit,
189 2709 297 2751 vanum
320 2691 405 2751 etiam
428 2690 660 2771 mendacemque
682 2691 816 2772 improba
838 2694 939 2771 linget.
1112 2701 1139 2752 ω

66 2775 156 2836 fando
179 2775 297 2854 aliquod
319 2776 344 2836 si
366 2776 441 2836 sorte
465 2785 529 2838 tuas
550 2778 743 2856 pervenitad
765 2778 845 2839 auris

67 2858 184 2921 Belidae
208 2879 316 2922 nomen
342 2859 502 2923 Palamedis
525 2873 553 2923 et
575 2862 685 2924 incluta
708 2865 782 2924 lama

66 2945 177 3025 gloria,
201 2964 289 3025 quem
312 2945 382 3007 lalsa
405 2946 460 3008 sub
483 2948 651 3026 proditione
673 2949 786 3028 Pelasgi

66 3030 216 3092 insontem
239 3031 360 3091 infando
383 3031 507 3104 indicio,
531 3034 598 3112 quia
621 3033 696 3094 bella
718 3033 849 3107 vetabat,

65 3115 211 3178 demisere
232 3115 318 3190 Neci,
342 3134 423 3176 nunc
446 3134 559 3179 cassum
583 3118 695 3179 lumine
717 3120 835 3199 lugent:
1111 3126 1140 3178 85

65 3199 107 3261 illi
130 3219 177 3262 me
200 3201 337 3261 comitem
360 3210 390 3261 et
411 3203 668 3281 consanguinitate
690 3206 893 3284 propinquum

154 3352 186 3404 56
204 3356 289 3402 stares
308 3349 364 3403 cod.
384 3366 421 3417 pr.
434 3349 468 3413 M,
480 3351 512 3403 ol.
527 3350 599 3403 Serv.
650 3356 770 3403 moneret
787 3351 833 3418 lll²‚
851 3352 900 3404 del.
914 3351 943 3402 Η.
957 3350 1022 3402 llern
1042 3349 1140 3418 13an.

70 3421 151 3483 1888,
170 3421 225 3473 sto.
302 3421 334 3471 59
352 3419 509 3471 Dardaniae
527 3418 601 3471 Bihr.
625 3421 698 3482 1885,
717 3422 778 3481 3863
798 3418 997 3473 cl.Phaedr.111
1032 3420 1080 3472 rol.
1100 3421 1140 3473 28.

67 3490 100 3541 02
119 3488 178 3539 dolo
198 3486 291 3539 bNon.
305 3487 363 3551 418,
376 3488 421 3548 273
441 3488 472 3538 cl.
487 3487 557 3540 Serv.
594 3487 652 3539 inde
670 3504 716 3538 retr
730 3505 857 3555 mperore
875 3490 936 3541 dolo
949 3434 1050 3539 Peerlls.

67 3560 99 3609 llll
118 3557 198 3621 niano]
216 3570 257 3606 mo
274 3554 360 3615 Quint.
377 3553 410 3605 lx
429 3556 453 3617 2,
472 3558 495 3607 9.
569 3559 600 3608 75
619 3559 698 3622 quive
714 3555 785 3622 fuat,
801 3575 930 3609 memores
947 3555 1022 3609 Ribb.
1040 3570 1142 3606 memor

65 3660 92 3679 ..
112 3628 189 3691 copto
214 3623 297 3675 damu.
316 3620 415 3674 Peerllr
478 3630 630 3688 memoret,
648 3641 716 3690 quae
734 3663 761 3677 ..
780 3632 886 3691 coepto:
903 3622 1010 3676 ‘cuncto
1023 3660 1050 3676 ..
1068 3620 1140 3676 vera’

65 3695 153 3756 lnquit
172 3691 256 3744 deleto
273 3707 297 3743 v.
310 3694 342 3742 'ld
362 3688 400 3743 Fr.
411 3689 506 3755 Sclrdll‚
524 3693 587 3743 Acta
606 3709 658 3745 soc.
671 3693 732 3759 phil.
746 3693 812 3761 Lips.
828 3694 858 3747 Vl
880 3696 952 3758 1876,
971 3694 1028 3746 353.

65 3762 97 3810 to
116 3758 196 3819 r-lll
209 3762 268 3825 ola)
287 3774 336 3811 om.
357 3757 409 3830 Pyb
427 3775 475 3811 nec
493 3760 587 3811 habent
604 3760 660 3812 illac
681 3762 729 3813 nisi
748 3778 823 3815 manu
843 3765 909 3829 post.
927 3761 1056 3819 additum
1079 3760 1142 3813 secl.

65 3824 139 3878 lllblr.
228 3832 258 3880 'll
278 3828 383 3888 luerint
402 3826 528 3898 P²y²c'm;
552 3828 584 3880 cl.
602 3828 687 3897 llenry
704 3829 724 3880 ll
742 3834 782 3882 64.
839 3845 1019 3896 quoecumque
1037 3829 1142 3899 Py²c¹m

66 3896 98 3947 86
118 3894 153 3960 etl
172 3899 203 3946 ut
222 3894 332 3947 Schenkl
352 3910 393 3964 ap.
411 3894 450 3948 lll.
