2286 4394
78 185 139 245 168
450 184 478 238 P.
492 183 620 238 vuucur
634 183 781 238 MARONJS

75 357 215 437 Gorgona
238 356 357 418 desecto
379 366 542 417 vertentem
564 356 677 417 lumina
698 357 786 418 collo.

71 438 180 503 ‘tollite
202 431 321 502 cuncta'
346 441 445 519 inquit
463 432 659 520 ‘coeptosque
680 442 794 503 auferte
817 442 952 519 labores,

76 525 199 587 Aetnaei
221 525 379 607 Cyclopes,
402 536 431 587 et
452 525 511 587 buc
532 525 674 586 advertite
696 536 844 588 mentem:

77 629 158 671 arma
180 611 241 672 acri
263 608 395 671 iacienda
417 609 490 670 viro.
534 628 616 671 nunc
637 609 749 673 viribus
772 630 860 686 usus,

79 714 161 756 nunc
184 695 322 757 manibus
344 695 468 774 rapidis,
491 694 572 755 omui
595 712 677 756 nunc
698 705 762 756 arte
785 697 936 774 magistra.

78 781 269 861 praecipitate
290 770 406 841 moras?
454 797 509 839 uec
531 778 616 859 plura
638 779 758 854 effatus,
780 781 875 842 atilli

79 865 162 927 ocius
184 864 347 927 incubuere
371 883 475 925 omues
497 863 666 948 pariterque
688 864 820 926 laborem

79 950 184 1012 sortiti.
228 950 292 1011 uuit
312 967 362 1010 aes
383 949 453 1011 rivis
474 948 597 1027 aurique
618 949 769 1011 metallum

81 1035 294 1114 volnificusque
316 1033 435 1114 chalybs
455 1045 535 1095 vasta
556 1034 678 1096 fornace
700 1034 846 1114 liquescit

80 1120 231 1198 ingentem
254 1119 380 1199 clipeum
401 1119 580 1192 informant,
603 1135 697 1179 unum
720 1119 819 1181 omnia
840 1128 947 1180 contra

80 1205 137 1266 teia
159 1204 347 1276 Latinorum,
370 1213 569 1283 septenosque
591 1202 714 1265 orbibus
736 1204 817 1267 orbis

82 1289 255 1367 impediunt.
299 1287 347 1348 alii
369 1287 498 1349 ventosis
519 1286 638 1349 follibus
660 1306 747 1350 auras
772 1319 776 1329 ·

82 1371 232 1451 accipiunt
253 1370 456 1449 redduntque,
478 1371 526 1433 alii
547 1371 701 1433 stridentia
723 1373 845 1452 tingunt

82 1474 149 1518 aera
171 1456 245 1516 lacu.
289 1455 380 1534 gemit
400 1455 545 1535 impositis
564 1454 723 1518 incudibus
744 1466 873 1518 anuum.

82 1541 123 1601 illi
145 1540 225 1600 inter
246 1557 310 1601 sese
333 1539 423 1601 muita
445 1540 473 1600 vi
496 1539 632 1601 bracchia
654 1540 764 1602 tollunt

82 1625 112 1685 in
137 1643 295 1686 numerum
317 1633 493 1703 versantque
515 1623 613 1685 tenaci
634 1625 748 1704 forcipe
769 1642 905 1686 massam.

168 1709 249 1771 Haec
270 1718 354 1790 pater
375 1708 483 1770 Aeoliis
505 1719 647 1789 properat
668 1710 738 1770 dum
761 1709 902 1771 Lemnius
924 1708 1000 1782 oris,

84 1793 256 1857 Euandrum
279 1814 314 1855 er
335 1794 438 1855 humili
460 1802 538 1854 tecto
560 1794 611 1854 lux
633 1794 755 1856 suscitat
776 1795 851 1855 alma

84 1888 115 1940 et
135 1880 273 1941 matutini
293 1879 446 1940 volucrum
467 1878 521 1940 sub
545 1878 673 1939 crumino
695 1887 809 1941 cantus.
898 1903 901 1908 ·

85 1965 239 2043 consurgit
260 1964 361 2026 senior
384 1963 543 2042 tunicaque
564 1961 715 2024 inducitur
736 1972 817 2026 artus

85 2060 115 2110 et
136 2048 289 2130 Tyrrhena
310 2049 419 2129 pedum
442 2047 605 2109 circumdat
624 2047 741 2109 vincula
763 2048 885 2129 plantis,

84 2142 148 2196 tum
172 2133 255 2194 lateri
276 2143 364 2212 atque
386 2132 496 2195 umeris
517 2132 682 2211 Tegeaeum
704 2132 832 2213 subligat
853 2151 955 2196 ensem

86 2217 211 2279 demissa
234 2219 269 2278 ab
292 2217 372 2279 laeva
394 2218 554 2298 pantherae
577 2227 660 2297 terga
681 2227 868 2297 retorquens.

86 2322 142 2363 nec
165 2321 227 2363 non
251 2311 281 2362 et
302 2302 411 2380 gemini
433 2301 571 2364 custodes
592 2302 693 2363 limine
715 2302 752 2363 ab
775 2303 832 2363 alto

86 2387 270 2467 praecedunt
291 2404 485 2465 gressumque
507 2405 596 2448 canes
617 2386 796 2449 comitantur
818 2388 928 2449 erilem.

87 2469 211 2549 hospitis
234 2471 350 2531 Aeneae
372 2471 471 2531 sedem
494 2480 524 2531 et
544 2483 657 2533 secreta
679 2472 799 2550 petebat

87 2573 258 2616 sermonum
281 2573 394 2616 memor
417 2565 446 2615 et
467 2555 603 2634 promissi
626 2557 759 2618 muneris
781 2557 877 2618 beros.

89 2659 144 2701 nec
167 2640 266 2702 miuus
287 2645 402 2701 Aeneas
424 2659 455 2701 se
478 2641 639 2703 matutinus
661 2641 774 2720 agebat.

88 2724 165 2786 filius
187 2725 256 2787 huic
279 2726 386 2801 Pallas,
409 2725 451 2786 illi
473 2744 572 2787 comes
594 2726 654 2787 ibat
675 2726 810 2788 Achates.

88 2811 241 2888 congressi
261 2812 391 2892 iungunt
412 2812 529 2873 dextras
549 2810 711 2889 mediisque
733 2811 868 2872 residunt

89 2896 212 2958 aedibus
234 2906 263 2958 et
284 2896 363 2958 licito
386 2898 505 2958 tandem
527 2915 665 2958 sermone
685 2897 837 2958 fruuntur.

174 2980 236 3040 Rex
258 2982 340 3058 prior
361 2982 448 3042 haec:

87 3057 225 3123 ‘maxime
247 3064 431 3125 Teucrorum
454 3063 575 3138 ductor,
598 3084 657 3143 quo
679 3065 789 3144 sospite
812 3082 974 3143 numquam

89 3166 138 3210 res
160 3146 296 3226 equidem
319 3148 424 3209 Troiae
445 3147 535 3209 victas
557 3159 608 3208 aut
628 3168 718 3227 regna
740 3149 871 3225 fatebor,

91 3232 177 3294 nobis
199 3231 235 3292 ad
258 3231 327 3292 belli
348 3231 488 3292 auxilium
510 3251 565 3312 pro
588 3233 709 3295 nomine
731 3243 813 3295 tauto

91 3319 213 3397 exiguae
235 3317 327 3378 vires:
355 3315 425 3376 binc
448 3316 544 3378 Tusco
568 3316 731 3380 claudimur
752 3319 847 3393 amni,

91 3402 160 3464 hinc
183 3401 310 3463 Rutulus
332 3401 440 3480 premit
462 3410 493 3463 et
512 3420 631 3464 murum
654 3403 853 3464 circumsonat
874 3402 972 3463 armis.

91 3490 142 3549 sed
165 3487 218 3548 tibi
241 3506 296 3566 ego
319 3487 447 3566 ingentis
470 3489 597 3567 populos
619 3487 820 3567 opulentaque
842 3487 941 3566 regnis

90 3573 215 3652 iungere
237 3581 332 3633 castra
353 3591 439 3652 paro,
463 3591 551 3650 quam
572 3575 634 3635 fors
654 3572 777 3652 inopina
799 3572 922 3634 salutem

161 3726 211 3776 455
230 3724 296 3774 lecto
315 3738 388 3789 prop.
407 3727 474 3774 auct.
492 3720 568 3774 Walt.
585 3721 694 3774 Lindner
711 3721 773 3774 GPr.
792 3721 944 3786 Hirscbberg
963 3721 1037 3781 1886,
1057 3723 1080 3770 5.

93 3792 143 3840 460
159 3792 308 3854 pautberca
328 3789 365 3858 Py
379 3788 444 3841 Rbb.
514 3790 562 3841 461
590 3789 680 3839 limine
698 3792 730 3840 ab
749 3794 809 3841 arto
827 3789 917 3842 Mariti.
937 3787 1001 3840 Stat.
1020 3785 1069 3838 S.l

94 3856 110 3906 l.
128 3860 222 3919 aperto
241 3855 340 3907 Peerlk.
426 3859 475 3907 475
493 3858 573 3918 regni
590 3855 631 3906 vel
649 3859 709 3920 regi
726 3855 765 3908 tu.
784 3856 849 3907 ZbG.
871 3860 946 3920 1881,
965 3858 1022 3908 594.
