2286 4394
84 238 125 296 86
458 237 486 291 P.
499 237 627 292 vertetu
643 237 791 293 MARONIS

76 385 165 475 ireul
189 408 326 490 quianam
348 410 422 470 tanti
446 411 604 471 cinxerunt
625 410 743 472 aethera
766 408 886 472 nimbi?

80 497 203 576 quidve,
226 503 310 575 pater
331 496 486 574 Neptune,
509 488 633 575 parasi’
678 495 721 556 sie
742 493 852 556 deinde
874 496 997 561 locutus

80 581 221 659 colligere
244 598 323 641 arma
347 578 430 641 iubet
450 580 611 658 validisque
633 579 807 641 incumbere
829 581 922 643 remis

82 666 273 744 obliquatque
296 665 379 726 sinus
401 665 431 725 in
454 673 575 725 ventum
599 682 633 725 ac
655 664 722 725 talia
744 665 838 724 sature

77 745 276 829 ‘magnanime
299 750 413 824 Aenea,
437 768 515 823 nou,
537 749 562 810 si
585 748 656 809 mibi
679 749 812 829 iuppiter
833 758 942 812 auctor

80 835 242 917 spondeat,
264 835 322 895 boe
345 851 461 913 sperem
484 833 596 894 ltaliam
619 834 795 912 contingere
816 834 911 897 caelo.

80 920 183 982 mutati
205 929 371 982 transversa
392 920 524 980 fremunt
546 927 576 979 et
597 936 718 997 vespere
740 918 776 979 ab
799 926 864 980 atro

81 1013 268 1085 consurgunt
288 1004 368 1065 venti
391 1011 479 1082 atque
501 1003 531 1064 in
556 1003 666 1064 nubem
690 1003 807 1081 cogitur
828 1013 889 1065 aer.

81 1110 137 1152 nec
160 1109 216 1151 nos
238 1089 333 1150 obniti
356 1096 460 1149 contra
482 1106 538 1149 nec
560 1088 683 1161 tendere
705 1095 821 1148 tanturn

79 1176 251 1238 sufficimus.
296 1181 417 1253 superet
438 1173 577 1251 qnoniam
600 1172 749 1247 Fortuna,
771 1190 948 1251 sequamur,

80 1277 200 1340 qnoque
219 1266 320 1331 vocat,
342 1265 490 1318 vertamus
512 1256 577 1318 iter
622 1275 679 1318 nee
699 1256 786 1317 litora
809 1257 899 1337 longe

78 1344 136 1405 fida
158 1361 227 1404 reor
248 1344 380 1404 fraterna
401 1341 505 1422 Erycis
527 1349 691 1439 portusque
713 1341 851 1413 Sicanos,

78 1428 103 1491 si
126 1427 214 1488 modo
236 1429 292 1488 rite
315 1445 429 1488 memor
452 1436 564 1489 servata
587 1427 727 1488 remetior
749 1422 845 1489 astra?

79 1523 143 1575 tum
165 1513 232 1591 pius
254 1512 383 1573 deneas.
404 1512 553 1590 ‘equidem
576 1512 618 1574 sic
641 1528 765 1591 poscere
786 1520 891 1574 ventos

78 1598 247 1659 iamdudum
270 1606 299 1658 et
320 1598 429 1658 trustra
451 1615 542 1657 cerno
565 1604 594 1657 te
616 1597 739 1658 tendere
761 1605 875 1658 contra.

78 1683 164 1744 flecte
186 1683 261 1743 viam
283 1681 364 1743 velis.
409 1700 444 1742 an
468 1681 507 1743 sit
528 1681 600 1742 mibi
622 1681 734 1761 gratior
757 1680 831 1757 ulla,

76 1786 173 1847 quove
196 1767 287 1846 magis
308 1768 399 1828 fessas
423 1774 521 1846 optem
544 1765 698 1828 demittere
721 1767 820 1842 navis,

78 1870 164 1932 quarn
188 1871 262 1949 quae
285 1850 465 1912 Dardanium
487 1851 575 1912 tellus
596 1851 668 1912 mihi
690 1860 786 1913 servat
807 1855 934 1913 Acesten
1106 1856 1126 1906 tt

78 1947 108 1999 et
128 1938 220 2018 patris
242 1937 387 1999 Anchisae
409 1936 521 2015 gremio
544 1936 752 2016 complectitur
774 1928 878 1999 ossai'

76 2023 149 2084 haec
171 2022 222 2084 nbi
245 2023 338 2097 dicta,
361 2031 468 2102 petunt
490 2030 594 2102 portus
617 2030 647 2082 et
667 2022 730 2083 vela
752 2021 875 2083 secundi

76 2108 238 2170 intendunt
259 2068 400 2188 Zepiiyri;
422 2109 516 2168 fertur
538 2106 594 2167 cita
617 2107 734 2185 gurgite
756 2107 857 2168 classis

76 2202 105 2254 et
126 2193 246 2254 tandem
269 2193 335 2253 laeti
358 2200 445 2253 notae
468 2192 662 2252 advertuntur
684 2192 821 2253 harenae.

161 2278 198 2337 dt
219 2275 324 2355 procul
347 2296 383 2337 ex
405 2276 483 2338 celso
506 2277 628 2338 miratus
649 2276 761 2337 vertice
783 2277 893 2347 montis
1104 2276 1124 2326 tt

76 2362 233 2423 adventurn
255 2362 408 2439 sociasque
430 2370 509 2423 rates
532 2361 663 2423 occurrit
684 2361 804 2423 Acestes

76 2445 214 2507 horridus
235 2446 265 2507 in
288 2445 391 2507 iaculis
413 2454 443 2506 et
464 2446 541 2526 pelle
564 2445 721 2526 Libystidis
743 2465 845 2520 ursae,

75 2530 165 2591 Treta
188 2530 303 2591 Criniso
326 2538 504 2610 conceptum
527 2531 648 2592 ssumine
671 2539 766 2593 mater

76 2633 164 2694 quern
187 2615 299 2694 genuit.
342 2623 475 2676 veterum
499 2635 559 2677 non
584 2616 738 2677 immemor
759 2616 808 2678 ilie
830 2624 988 2696 parentum

75 2708 208 2778 gratatur
230 2700 354 2761 reduces
377 2712 407 2761 et
428 2719 496 2781 gaza
518 2701 612 2762 laetus
634 2701 743 2781 agresti
1105 2697 1126 2749 ⁴⁰

76 2785 185 2864 excipit
206 2803 239 2846 ac
261 2788 353 2848 sessos
377 2786 484 2866 opibus
506 2786 617 2848 solatur
639 2786 748 2847 amicis.

160 2871 280 2932 Postera
302 2890 369 2932 cum
393 2872 489 2969 primo
512 2871 610 2933 stellas
633 2871 754 2932 Oriente
776 2871 892 2948 iugarat

75 2957 152 3018 clara
175 2956 252 3033 dies,
275 2957 372 3018 socios
394 2957 423 3017 in
448 2967 564 3019 coetum
588 2957 674 3017 litore
696 2955 731 3016 ab
755 2956 837 3016 omni

75 3041 196 3102 advocat
218 3045 331 3103 Aeneas
352 3041 517 3121 tumulique
540 3061 575 3103 ex
598 3059 705 3121 aggere
727 3041 818 3101 iatur:

71 3118 269 3186 ‘dardanidae
292 3127 406 3222 magni,
429 3145 524 3205 genus
546 3128 604 3189 alto
627 3144 643 3187 3
665 3125 810 3206 sanguine
831 3123 945 3199 divom,
1111 3118 1134 3172 ⁴⁵

74 3229 192 3270 annuus
215 3210 323 3271 exactis
345 3210 511 3289 completur
532 3211 684 3273 mensibus
706 3210 800 3285 orbis,

75 3313 110 3355 ex
134 3312 193 3373 quo
215 3295 354 3373 reliquias
377 3295 526 3373 divinique
549 3315 614 3358 ossa
636 3297 769 3376 parentis

74 3379 261 3441 condidimus
284 3390 363 3440 terra
386 3389 570 3457 maestasque
592 3381 767 3443 sacravimus
789 3397 863 3441 aras.

74 3464 191 3542 iamque
215 3464 292 3538 dies,
315 3464 371 3525 nisi
394 3464 494 3539 fallor,
518 3465 614 3540 adest,
638 3485 725 3545 quem
748 3481 867 3544 semper
889 3464 1047 3537 acerbum,

74 3569 192 3630 semper
214 3550 392 3611 honoratum
415 3550 470 3628 (sic
492 3549 521 3609 di
543 3551 686 3626 voluistis)
710 3550 835 3612 habebo.

74 3636 155 3697 irunc
178 3655 233 3715 ego
256 3635 386 3698 Gaetulis
409 3652 525 3714 agerem
548 3635 572 3695 si
596 3636 731 3716 Syrtibus
754 3636 837 3697 exsul

161 3838 190 3886 15
210 3839 345 3901 compete
363 3851 435 3901 prop.
449 3835 508 3889 Lad.
590 3837 622 3887 29
640 3836 774 3888 dimittere
790 3835 850 3889 libri
868 3840 969 3901 preeter
987 3850 1054 3900 οπχς
1073 3831 1135 3884 Ribb

73 3899 106 3950 38
126 3900 235 3952 Ortmtso
253 3923 269 3965 χ
287 3905 310 3965 (3
330 3900 698 3966 Graeco)ci.Serr.155t).
