2286 4394
299 233 461 287 dehemus
478 233 536 289 LlB.
553 233 571 288 l.

31 415 39 467 t
57 405 249 484 adversasque
270 407 421 485 adspectat
442 409 570 487 desuper
591 427 683 470 arces.

47 493 153 553 molem
177 491 307 566 deneas,
330 493 642 573 magaliaquondam‚

47 588 146 658 portas
168 578 384 656 strepitumque
407 588 436 639 et
457 587 546 653 strata
569 580 690 641 viarum.

35 663 171 724 ardentes
193 662 289 742 Tyrii,
311 681 381 741 pars
403 663 510 724 ducere
532 682 634 726 muros

31 767 58 808 re
78 766 178 808 arcem
201 757 231 808 et
251 747 389 809 manibus
411 748 582 810 subvolvere
605 769 688 825 saxa,

32 843 93 894 tare
114 833 214 894 locum
236 841 314 893 tecto
338 843 368 894 et
388 834 568 894 concludere
590 835 689 911 sulco;

31 919 246 996 agistratusque
267 918 371 996 legunt
392 930 588 997 sanctumque
611 916 775 1002 senatum3]

31 1012 78 1064 tus
98 1003 148 1063 alii
172 1003 328 1077 effodiunt,
351 1003 401 1063 hic
421 1004 478 1064 alta
500 1005 606 1065 theatri

31 1099 93 1149 enta
116 1089 216 1149 locant
237 1088 285 1148 alii
307 1088 503 1167 immanisque
525 1090 679 1152 columnas

47 1173 204 1245 excidunt,
226 1173 341 1234 scaenis
363 1174 469 1234 decora
492 1175 548 1234 alta
570 1176 686 1237 laturis.

32 1278 87 1338 pes
109 1268 216 1319 aestate
240 1277 314 1318 nova
336 1277 391 1337 per
412 1260 501 1320 florea
523 1278 593 1320 rura

40 1343 97 1404 sub
120 1344 183 1404 sole
204 1343 302 1417 labor,
325 1362 393 1405 cum
416 1345 514 1425 gentis
536 1346 651 1407 adultos

53 1430 148 1501 fetus,
171 1439 221 1489 aut
242 1448 310 1490 curn
333 1430 474 1508 liquentia
496 1430 582 1491 mella

32 1523 63 1575 et
84 1513 162 1575 dulci
185 1514 357 1575 distendunt
379 1523 497 1576 nectare
520 1515 621 1588 cellas,

32 1618 65 1659 ra
88 1599 238 1678 accipiunt
259 1600 446 1673 venientum,
470 1609 521 1660 aut
541 1602 657 1678 agmine
679 1603 756 1663 laeto

31 1704 36 1743 ι
60 1686 145 1745 fucos
167 1703 258 1763 pecus
279 1704 294 1745 a
318 1685 509 1764 praesepibus
532 1696 647 1761 arcent;

33 1789 91 1849 pus
112 1770 308 1848 redolentque
329 1770 431 1850 thymo
454 1771 612 1849 fragrantia
635 1772 728 1833 mella.

34 1855 112 1928 nati,
135 1873 261 1932 quorum
284 1856 342 1916 iam
365 1856 482 1916 moenia
504 1848 656 1935 surguntl'

38 1940 80 2000 ait
102 1949 132 1999 et
153 1940 265 2018 fastigia
288 1940 412 2019 suspicit
434 1940 524 2002 urbis.

31 2045 44 2086 e
67 2033 186 2104 saeptus
208 2024 316 2086 nebula
340 2025 484 2103 (mirabile
506 2027 598 2102 dictu)

31 2111 92 2170 dios
114 2110 276 2188 miscetque
298 2111 368 2171 viris
391 2129 487 2189 neque
513 2113 646 2173 cernitur
667 2113 728 2173 ulli.

32 2214 87 2256 cus
108 2195 138 2255 in
162 2195 237 2256 urbe
258 2196 315 2257 fuit
336 2196 446 2269 media,
470 2196 644 2258 laetissimus
666 2197 804 2269 umbrae,

31 2299 113 2340 mum
136 2280 233 2341 iactati
255 2280 343 2342 undis
364 2290 394 2342 et
414 2281 534 2342 turbine
556 2282 649 2343 Poeni

54 2366 120 2426 loco
142 2365 275 2444 signum,
299 2367 377 2443 quod
400 2367 480 2444 regia
502 2367 577 2428 luno

35 2460 97 2524 rat,
120 2459 208 2530 caput
229 2451 305 2512 acris
327 2452 413 2534 equi3
436 2453 478 2513 sic
501 2470 568 2513 nam
592 2452 655 2513 lore
677 2451 755 2514 bello

30 2555 48 2595 n
74 2547 103 2596 et
124 2536 237 2596 facilem
259 2537 337 2597 victu
360 2556 415 2616 per
437 2537 552 2599 saecula
575 2546 703 2616 gentem.

31 2621 113 2700 plum
136 2621 244 2682 lunoni
266 2622 372 2700 ingens
394 2623 514 2683 Sidonia
537 2623 610 2683 bido

31 2715 64 2778 lb,
87 2705 174 2766 donis
195 2707 368 2785 opulentum
391 2715 421 2767 et
443 2709 565 2768 numine
588 2707 684 2779 divae,

31 2791 56 2851 ui
79 2790 218 2869 gradibus
240 2791 401 2869 surgebant
422 2792 522 2853 limina
545 2811 697 2871 nexaeque

31 2876 107 2949 ibes,
130 2876 244 2937 loribus
266 2877 355 2937 cardo
377 2877 521 2938 stridebat
542 2877 633 2938 aenis.

31 2979 111 3021 mum
134 2960 165 3021 in
187 2961 254 3022 luco
277 2981 352 3023 nova
373 2981 422 3024 res
444 2963 541 3023 oblata
565 2963 701 3023 timorem

31 3046 72 3106 ric
94 3046 223 3124 primum
245 3048 359 3108 Aeneas
381 3066 502 3126 sperare
523 3048 645 3108 salutem

31 3141 42 3191 t
64 3130 186 3192 adflictis
207 3132 312 3193 melius
335 3133 484 3194 confidere
506 3132 605 3194 rebus.

54 3214 110 3277 sub
132 3217 247 3296 ingenti
268 3218 372 3278 lustrat
393 3219 463 3278 dum
486 3218 600 3298 singula
622 3217 732 3296 templo

31 3323 35 3360 ι
59 3301 238 3380 opperiens,
261 3303 346 3376 dum,
369 3321 444 3382 quae
466 3305 586 3365 fortuna
608 3303 645 3364 sit
667 3302 749 3375 urbi,

31 3455 37 3504 1
55 3451 188 3504 damella
208 3467 248 3504 ne.
320 3455 368 3506 421
388 3456 432 3504 hie
449 3454 567 3517 alterum]
586 3455 647 3504 hina
659 3452 757 3505 Nonius
775 3454 833 3514 346,
846 3453 887 3503 26.
898 3447 974 3502 Ribb.

31 3519 80 3572 ihb.
107 3525 172 3585 apta
189 3468 273 3573 beutl.
352 3523 464 3573 theatris
482 3520 630 3593 FP¹Ry¹bc¹
647 3520 722 3574 Ribb.
808 3520 858 3572 428
880 3522 975 3584 patant

31 3583 82 3640 ull
102 3587 198 3652 Pleux
214 3588 288 3640 Ribb.
363 3593 411 3643 431
431 3606 492 3640 cam
573 3589 652 3640 malta
671 3592 720 3642 436
738 3590 784 3653 (ω
798 3585 871 3641 G.lV
886 3588 975 3650 ldbsl

31 3673 49 3709 u
68 3671 101 3722 pe
114 3658 165 3708 214
186 3655 440 3719 dilatatatum
459 3657 662 3710 6114165405.
747 3659 797 3708 441
816 3655 925 3704 umbrae
943 3652 975 3703 F¹

45 3672 127 3789 geru,
140 3723 212 3780 Serv.
224 3725 259 3790 pl.
269 3725 303 3776 lll
317 3727 375 3778 338.
410 3728 505 3776 ambra
517 3731 566 3778 cet.
576 3725 643 3778 libri.
704 3727 755 3776 444
768 3722 935 3773 monstrabat
945 3720 974 3790 y¹

31 3793 107 3844 h'llv.
118 3795 192 3856 1878,
207 3795 263 3846 122.
298 3799 374 3844 recta
387 3792 544 3846 lleidtm.JJ.
557 3795 629 3856 1881,
648 3795 706 3845 421.
775 3791 824 3843 448
842 3792 975 3855 nixaeque

41 3864 66 3925 9,
77 3863 123 3922 293
143 3861 176 3912 cl.
195 3859 266 3913 Serv.
279 3862 314 3928 pl
327 3861 386 3913 Lad.
473 3863 522 3913 453
543 3863 659 3911 lustrant
676 3864 701 3910 et
718 3860 768 3911 456
785 3861 928 3922 mirantur,
946 3863 975 3909 ut

44 3932 103 3989 454,
123 3928 236 3981 Schenkl
253 3944 294 3996 ap.
312 3928 352 3981 lll.
