2286 4394
54 179 93 240 72
421 182 449 235 P.
462 181 589 237 lllllllllll
606 182 752 236 ulaums

52 354 176 415 Atlantis
197 355 277 429 duri,
301 355 414 417 caelum
437 356 487 435 qui
510 356 616 417 vertice
639 356 734 430 lulcit,

53 439 191 513 Atlantis,
215 440 344 502 cinctum
367 440 486 502 adsidua
508 441 556 502 cui
579 442 708 504 nubibus
729 441 799 504 atris

52 524 209 603 piniferum
233 533 322 604 caput
345 533 374 587 et
395 535 483 587 vento
505 526 639 606 pulsatur
660 535 690 587 et
711 526 812 603 imbri3

53 609 102 670 nix
126 627 243 671 umeros
265 609 362 672 inlusa
385 611 469 690 tegit;
492 622 554 672 tum
577 611 698 672 flumina
720 621 821 674 mento

52 694 248 774 praecipitant
269 695 348 757 senis
370 704 399 758 et
421 695 512 775 glacie
534 696 609 776 riget
630 697 750 758 horrida
772 696 873 758 barba.

52 779 98 841 hic
122 780 250 858 primum
273 780 393 861 paribus
416 781 513 842 nitens
536 781 683 862 Cyllcnius
705 782 757 844 alis

52 864 200 939 constitit,
224 866 292 927 hinc
315 875 376 927 toto
400 884 541 946 praeceps
563 885 594 928 se
616 885 741 946 corpore
763 868 798 927 arl
823 867 918 929 undas

53 950 130 1012 misit
151 950 195 1011 ari
217 950 335 1024 similis,
359 968 433 1030 quae
456 952 568 1012 circum
589 951 690 1023 litora,
712 953 826 1014 circum

51 1036 184 1116 piscosos
206 1037 344 1115 scopulos
364 1036 483 1097 humilis
504 1036 581 1096 volat
602 1055 730 1116 aequora
752 1037 842 1098 iuxta.
892 1106 895 1114 ¹

94 1121 172 1183 haud
195 1121 278 1182 aliter
299 1130 392 1182 terras
414 1121 492 1182 inter
514 1121 686 1200 caelumque
707 1122 823 1183 volabat

95 1205 162 1267 litus
184 1207 363 1267 harenosum
385 1206 421 1266 ad
443 1205 551 1286 Libyae
573 1216 736 1285 ventosque
757 1207 876 1269 secabat

94 1300 228 1351 materno
252 1291 372 1352 veniens
394 1290 431 1350 ab
454 1309 506 1352 avc
530 1291 657 1371 Cyllenia
680 1293 788 1372 proles.

52 1382 85 1433 ut
105 1375 233 1453 primum
256 1375 337 1436 alatis
359 1375 455 1454 tetigit
477 1376 597 1456 magalia
620 1377 743 1456 plantis,

51 1460 169 1520 Aenean
193 1460 365 1521 fundantem
388 1478 470 1522 arces
491 1479 526 1522 ac
543 1470 623 1522 vtecta
645 1471 802 1523 novantem

52 1544 205 1623 conspicit.
250 1553 337 1623 atque
359 1544 400 1607 illi
422 1546 554 1608 stellatus
575 1546 685 1627 iaspide
708 1548 784 1609 lulra

52 1629 130 1690 ensis
152 1638 215 1690 erat
236 1629 384 1710 Tyrioque
406 1630 527 1692 ardebat
547 1631 659 1693 murice
681 1632 765 1693 laena

51 1713 177 1776 demissa
199 1734 232 1776 er
257 1715 381 1788 umeris,
404 1715 483 1778 dives
506 1734 580 1795 quae
603 1735 725 1778 munera
747 1716 821 1778 Dida

51 1799 162 1860 fecerat
183 1809 213 1861 et
234 1801 316 1862 tenui
339 1800 409 1862 telas
432 1800 609 1862 discreverat
630 1820 712 1865 auro.

52 1885 194 1946 continuo
217 1886 341 1947 invadit:
364 1878 407 1947 ‘tu
432 1904 512 1947 nunc
535 1886 720 1966 Karthaginis
742 1887 815 1948 altae

51 1971 241 2032 fundamenta
263 1972 343 2033 locas
363 1971 577 2053 pulchramque
599 1972 721 2034 uxorius
743 1971 848 2033 urbem

51 2055 198 2119 exstruis?
220 2058 277 2119 heu
300 2057 385 2136 regni
407 2075 567 2135 rerumque
590 2057 679 2118 oblite
701 2057 835 2118 tuaruml

51 2141 114 2220 ipse
137 2143 224 2203 deum
246 2142 298 2202 tibi
320 2161 367 2203 me
390 2142 469 2203 claro
492 2141 616 2203 demittit
638 2142 762 2223 Olympo

50 2236 206 2307 regnator,
229 2227 342 2288 caelum
365 2235 393 2288 et
415 2236 508 2288 terras
531 2227 580 2305 qui
603 2228 725 2288 numine
747 2235 882 2305 torquet,

51 2313 113 2391 ipse
136 2313 207 2373 haec
229 2313 306 2371 serre
328 2310 409 2371 iubet
432 2311 536 2372 celeris
559 2312 695 2373 mandata
717 2330 771 2392 per
793 2329 887 2374 auras.

51 2396 121 2474 quid
144 2393 254 2457 struis?
277 2405 327 2456 aut
350 2414 407 2474 qua
429 2415 481 2474 spe
504 2395 621 2476 Libycis
643 2397 713 2458 teris
735 2398 793 2458 otia
815 2393 924 2458 terris?

51 2481 75 2541 si
98 2489 126 2540 te
149 2480 229 2541 nulla
252 2489 348 2540 movet
370 2488 517 2540 tantarum
540 2482 633 2560 gloria
656 2500 774 2555 rerum,

50 2583 101 2626 aec
123 2583 208 2645 super
230 2569 288 2646 ipse
310 2573 360 2626 tua
382 2565 494 2627 moliris
517 2566 599 2628 bride
622 2567 761 2638 laborem,

51 2649 209 2711 Ascanium
231 2659 400 2730 surgentem
423 2659 453 2713 et
474 2671 541 2731 spes
563 2653 679 2713 heredis
701 2653 755 2713 luli

50 2735 180 2814 respice,
204 2736 250 2796 cui
273 2755 397 2816 regnum
421 2737 519 2799 ltaliae
541 2738 733 2816 Romanaque
754 2737 841 2798 tellus

51 2813 219 2882 debentur.’
244 2821 293 2882 tali
317 2822 465 2903 Cyllenius
487 2842 539 2885 ore
561 2824 679 2885 locutus

51 2905 182 2967 mortalis
203 2907 281 2968 visus
304 2909 398 2970 medio
422 2928 559 2972 sermone
581 2908 700 2988 reliquit

52 3002 80 3052 et
101 2991 205 3071 procul
227 2992 257 3052 in
282 3003 402 3054 tenuem
424 3015 459 3056 ex
482 2995 574 3056 oculis
597 2994 714 3055 evanuit
734 3009 844 3054 auram.

136 3078 172 3137 At
192 3095 262 3137 vero
285 3079 397 3140 Aeneas
419 3089 538 3158 aspectu
562 3078 710 3139 obmutuit
731 3095 846 3150 amens,

51 3173 240 3240 arrectaeque
262 3162 385 3223 horrore
409 3182 508 3225 comae
532 3173 561 3224 et
582 3182 637 3224 vox
659 3163 793 3225 saucibus
815 3160 916 3222 haesit.

51 3248 132 3308 ardet
154 3246 233 3308 abire
255 3247 321 3326 luga
345 3248 495 3327 dulcisque
517 3248 686 3326 relinquere
707 3258 801 3309 terras

51 3332 192 3395 attonitus
214 3341 295 3394 tanto
318 3333 433 3393 monitu
455 3333 639 3412 imperioque
661 3333 793 3395 deorum.

51 3420 109 3480 heu
132 3417 203 3496 quid
226 3416 313 3498 agat?
336 3436 395 3496 quc
418 3436 500 3479 nunc
522 3418 655 3499 reginam
678 3418 789 3479 ambire
811 3417 959 3477 furentem

138 3587 187 3638 256
207 3586 309 3649 legebat
325 3584 407 3636 Bentl.
426 3583 483 3636 Hor.
502 3585 510 3635 l
530 3589 570 3650 34,
589 3591 612 3639 5.
697 3585 772 3653 25668
790 3600 840 3636 um.
859 3583 896 3646 b¹‚
913 3584 998 3635 damn.
1016 3581 1124 3651 Bryant,

52 3655 102 3708 Gru
123 3671 154 3723 pe
173 3658 213 3719 27,
231 3653 304 3706 Ribb.
391 3655 439 3705 269
464 3671 496 3705 ac
514 3652 564 3723 Pya
584 3654 659 3706 Ribb.
745 3655 840 3714 terras]
858 3653 948 3703 atellae
966 3650 994 3704 P.
1014 3650 1125 3704 Gorssen

53 3723 90 3774 Rh
119 3761 125 3775 .
148 3726 224 3786 1886,
244 3725 300 3776 242.
381 3723 428 3774 2ἵ3
449 3723 562 3784 (mata)
585 3723 641 3774 libri
660 3737 710 3772 non
730 3722 850 3773 exhibent
867 3720 915 3772 nisi
933 3718 1048 3788 y²a²b²c‚
1072 3720 1124 3774 del.

53 3791 144 3858 Wagn.
157 3792 207 3844 LV.
221 3795 260 3846 79.
335 3792 383 3844 280
402 3792 444 3855 (=
455 3790 496 3841 llll
510 3791 568 3853 868)
586 3789 669 3841 damn.
688 3789 769 3853 Bras,
787 3790 894 3856 improb.
914 3787 989 3842 Ribb.
1008 3792 1033 3840 et
1052 3789 1123 3842 Albr.

53 3862 110 3913 416.
181 3865 207 3910 et
225 3877 276 3911 cca
289 3901 294 3913 .
307 3897 313 3911 .
327 3861 412 3910 haesit
430 3858 489 3912 secl.
509 3857 589 3910 Gebb.
