2474 4388
474 116 633 172 AENEIDOS
651 119 709 173 LlB.
728 120 779 174 ΧΗ.

83 295 155 349 ante
178 287 233 349 leri
254 288 348 350 iaculo
371 289 492 368 longum
515 309 569 370 per
590 292 680 353 inane
701 304 820 356 secutus

84 373 162 435 sistit
184 392 277 452 equos
299 373 406 455 biiugis
428 384 457 436 et
479 394 570 436 curru
591 376 688 439 desilit
709 387 797 458 atque

84 458 249 520 semianimi
271 459 414 539 lapsoque
436 462 606 540 superuenit
627 471 657 523 et
677 464 752 543 pede
774 466 849 526 collo

82 543 230 623 impresso
252 545 370 605 dextrae
392 564 567 607 mucronem
589 556 744 626 extorquet
765 560 796 610 et
817 551 874 612 alto

83 628 249 708 fulgentem
270 630 379 707 tinguit
401 631 500 711 iugulo
524 640 611 710 atque
633 633 706 694 haec
728 635 851 714 insuper
872 637 965 699 addit:

79 709 150 789 ‘en,
172 732 259 794 agros
281 723 325 788 et,
348 733 437 793 quam
459 716 552 791 bello,
576 717 720 792 Troiane,
743 721 857 799 petisti,

83 799 257 878 Hesperiam
279 801 383 861 metire
405 801 519 863 iacens:
542 803 615 863 haec
636 805 782 883 praemia,
806 806 856 884 qni
878 825 926 867 me

83 885 164 946 ferro
187 885 250 947 ausi
272 893 429 965 temptare,
452 887 568 962 lerunt3
590 887 632 948 sie
655 891 772 950 moenia
794 883 952 952 condunt'

82 970 153 1031 huic
175 970 313 1032 comitem
335 970 465 1051 Asbyten
489 973 622 1033 coniecta
644 974 765 1054 cuspide
787 976 876 1036 mittit

84 1054 267 1135 Chloreaque
290 1054 483 1136 Sybarimque
505 1057 669 1136 Daretaque
692 1058 976 1141 Thersilochumque

84 1150 113 1201 et
135 1141 280 1203 sternacis
300 1141 368 1220 equi
390 1141 505 1221 lapsum
527 1143 640 1204 cervice
662 1142 856 1224 Thymoeten.

169 1226 211 1287 Ac
232 1226 311 1287 velut
333 1227 430 1288 Edoni
452 1227 563 1288 boreae
585 1247 652 1288 cum
676 1229 796 1308 spiritus
818 1231 876 1292 alto

81 1311 203 1372 insonat
225 1312 339 1391 Aegaeo
361 1313 554 1392 sequiturque
576 1314 612 1375 ad
633 1313 720 1374 litora
741 1316 865 1390 fluctus,

82 1414 142 1474 qua
162 1397 243 1457 renti
264 1396 444 1471 incubuere,
467 1399 565 1477 lugam
587 1399 659 1460 dant
681 1399 782 1460 nubila
804 1402 900 1474 caelo,

82 1481 126 1543 sie
149 1482 268 1556 Turno,
292 1501 478 1561 quacumque
500 1483 575 1544 dam
597 1492 692 1558 secat,
714 1487 832 1564 agmina
854 1488 964 1550 cedunt

82 1584 302 1647 conversaeque
324 1576 417 1629 ruunt
439 1567 531 1643 acies;
554 1569 612 1628 lert
633 1569 760 1648 impetus
782 1571 879 1649 ipsum

82 1661 113 1713 et
136 1653 253 1714 cristam
275 1653 395 1714 adverso
418 1671 508 1714 curru
531 1653 625 1732 quatit
646 1671 716 1714 aura
738 1655 894 1716 volantem.

82 1756 145 1799 non
168 1737 235 1798 tulit
255 1737 415 1799 instantem
439 1737 573 1816 Phegeus
595 1738 759 1817 animisque
781 1741 972 1815 frementem,

81 1822 193 1884 obiecit
213 1841 278 1884 sese
300 1823 336 1883 ad
358 1841 478 1884 currum
502 1832 532 1884 et
553 1824 719 1903 spumantia
741 1824 833 1886 frenis

82 1926 135 1968 ora
156 1907 311 1969 citatorum
335 1909 436 1969 dextra
456 1907 580 1969 detorsit
602 1926 756 1988 equorum.

81 1993 154 2054 dum
175 1993 301 2054 trahitur
323 1994 491 2073 pendetque
513 1993 606 2072 iugiS,
629 1994 710 2054 hune
731 1994 788 2055 lata
809 2003 953 2055 retectum

81 2081 187 2141 lancea
209 2079 402 2158 consequitur
424 2079 594 2157 rumpitque
616 2079 706 2139 infixa
727 2078 844 2140 bilicem

80 2165 203 2226 loricam
225 2173 255 2225 et
277 2182 424 2239 summum
447 2162 584 2242 degustat
604 2164 725 2225 volnere
747 2183 865 2244 corpus

81 2249 132 2311 ille
153 2258 252 2311 tamen
275 2249 370 2329 clipeo
394 2248 509 2310 obiecto
533 2267 693 2311 conversus
714 2249 745 2309 in
768 2250 882 2310 hostem

81 2333 144 2396 ibat
166 2345 195 2396 et
216 2334 355 2395 auxilium
377 2335 466 2395 ducto
488 2352 633 2396 mucrone
654 2334 788 2414 petebat,

81 2438 151 2481 oum
173 2429 238 2481 rota
260 2419 449 2500 praecipitem
472 2428 501 2480 et
523 2438 670 2498 procursu
692 2421 827 2481 concitus
848 2419 909 2480 axis

80 2505 199 2587 impulit
220 2505 404 2584 effunditque
427 2505 490 2566 solo
513 2504 692 2583 Turnusque
714 2514 834 2568 secutus

80 2591 171 2652 imam
192 2591 271 2651 inter
292 2591 403 2670 galeam
426 2590 532 2651 summi
555 2590 684 2651 thoracis
706 2599 736 2651 et
756 2608 824 2651 oras

81 2676 203 2738 abstulit
224 2695 296 2738 ense
318 2683 406 2754 caput
426 2683 626 2753 truncumque
648 2675 770 2753 reliquit
791 2676 929 2734 harenae.

168 2763 263 2841 Atque
286 2762 411 2822 eadum
436 2760 546 2839 campis
568 2760 661 2820 victor
683 2759 731 2818 dat
752 2759 858 2819 lunera
883 2758 1018 2830 Turnus,

80 2847 194 2907 interea
217 2848 337 2907 Aenean
360 2845 532 2906 Mnestheus
554 2851 584 2904 et
605 2843 681 2905 fidus
703 2844 828 2905 Achates

80 2931 284 3010 Ascaniusque
307 2949 406 2992 comes
428 2929 531 2990 castris
553 2937 683 2989 statuere
706 2937 863 2989 cruentum

80 3016 213 3078 alternos
235 3016 321 3096 longa
345 3017 489 3077 nitentem
512 3014 633 3094 cuspide
655 3032 783 3094 gressus.

80 3102 173 3164 saevit
194 3110 224 3163 et
245 3102 369 3163 infracta
391 3101 518 3162 luctatur
539 3099 706 3160 harundine
728 3100 820 3160 telum

80 3186 197 3268 eripere
219 3186 385 3265 auxilioque
407 3187 498 3260 viam,
521 3203 597 3264 quae
619 3185 768 3265 proxima,
791 3184 901 3264 poscit:

80 3291 154 3334 ense
176 3281 279 3334 secent
299 3271 357 3332 lato
380 3272 486 3332 volnus
507 3271 617 3350 telique
638 3269 763 3331 latebras

79 3357 253 3419 rescindant
273 3357 393 3437 penitus
415 3375 538 3434 seseque
559 3356 590 3415 in
614 3354 690 3415 bella
711 3354 871 3414 remittant.

79 3443 199 3521 iamque
220 3444 321 3504 aderat
343 3440 463 3502 Phoebo
486 3448 555 3501 ante
576 3440 649 3500 alios
671 3439 794 3500 dilectus
816 3437 904 3518 lapyr

78 3527 205 3603 Iasides,
229 3528 289 3589 acri
312 3527 459 3606 quondam
482 3526 529 3586 cui
552 3533 656 3603 eaptus
677 3541 776 3584 amore

167 3662 218 3714 ato
235 3661 324 3727 elapso
363 3659 483 3723 eP¹bn2
495 3657 567 3711 Serv.
580 3657 615 3724 pl.
694 3658 742 3709 357
762 3656 858 3706 dextra
876 3653 941 3724 Ry¹c
1026 3653 1074 3705 367
1094 3651 1155 3703 secl.

78 3726 181 3781 Peerlk.
260 3731 307 3782 371
341 3734 461 3780 urentem
478 3726 567 3779 llamb.
584 3725 603 3779 l.
682 3727 732 3778 380
749 3724 846 3786 effudit
863 3721 915 3786 Rxc
986 3722 1035 3773 382
1054 3721 1154 3770 herena

78 3796 189 3868 Ryb¹crr
258 3799 308 3852 389
327 3798 456 3848 latebram
474 3795 531 3846 lihri
551 3810 587 3861 pr.
607 3793 646 3854 hl;
665 3791 740 3848 Ribb.
818 3793 866 3845 391
886 3791 954 3854 (420.
972 3791 1032 3855 425)
1049 3789 1154 3855 rapox

952 3875 1004 3927 17*
