2474 4388
387 206 548 260 Auuxluos
566 206 625 260 LlB.
643 207 685 262 lll.

13 397 101 458 quae
124 380 275 452 referant,
297 378 353 439 lari
374 378 457 440 iubet
478 387 508 439 et
529 396 673 458 responsa
695 380 824 459 reposcit

13 463 134 526 urdine
158 473 264 526 cuncta
287 482 350 526 suo.
395 471 458 525 tum
482 464 555 524 lacta
578 463 693 525 silentia
715 464 840 542 linguis,

12 558 48 610 et
74 548 213 611 Venulus
234 548 313 610 dicto
334 566 444 627 pareus
466 548 506 609 ita
528 548 618 608 farier
639 549 719 609 infit:

109 627 273 708 ‘Vidimus‚
296 652 314 694 o
336 633 431 709 cives,
454 633 624 694 Diomedem
647 633 811 713 Argivaque
834 643 928 699 castra

12 727 118 799 atque
141 718 198 781 iter
219 718 331 780 emensi
353 737 439 781 casus
460 718 662 798 superavimus
684 719 781 781 omnis

12 803 268 884 contigimusque
291 821 429 878 manum,
452 821 510 882 qua
531 803 662 864 concidit
682 803 733 865 llia
755 804 852 866 tellus.

14 889 74 950 ille
99 888 207 951 urbem
227 888 401 970 Argyripam
424 889 535 968 patriae
557 888 736 966 cognomine
757 890 855 968 gentis

14 974 122 1036 victor
144 972 273 1054 Gargani
294 973 441 1036 condebat
462 973 579 1054 lapygis
600 974 687 1053 agris.

18 1067 186 1139 postquam
207 1058 366 1139 intogressi
388 1067 418 1119 et
439 1076 539 1119 coram
561 1057 627 1119 data
649 1060 733 1139 copia
757 1062 851 1136 laudi,

18 1161 155 1205 munera
177 1144 386 1224 praelerimus,
409 1161 519 1204 nomeu
543 1144 727 1223 patriamque
749 1144 904 1222 docemus,

23 1229 79 1309 qui
102 1227 214 1292 bellum
236 1228 407 1302 intulerint,
431 1246 505 1307 quae
527 1246 614 1289 causa
636 1230 788 1292 attraxerit
809 1233 914 1313 Arpos.

25 1313 138 1375 auditis
159 1312 208 1375 ille
228 1314 301 1375 haec
323 1312 439 1393 placido
461 1313 504 1375 sic
525 1313 652 1374 reddidit
673 1333 740 1377 ore:

22 1390 68 1459 “o
90 1399 259 1460 fortunatae
280 1408 400 1478 gentes,
423 1397 561 1459 Saturnia
583 1415 690 1478 regna,

26 1483 145 1563 antiqui
166 1483 304 1558 Ausonii,
326 1501 403 1562 quae
424 1502 477 1545 vos
498 1484 617 1544 fortuna
640 1484 756 1562 quietos

26 1568 168 1630 sollicitat
189 1568 350 1647 suadetque
371 1568 473 1647 ignota
495 1567 638 1629 lacessere
660 1566 758 1630 bella?

27 1652 212 1733 quicumque
233 1652 338 1714 lliacos
358 1653 438 1714 ferro
460 1652 630 1714 violavimus
651 1671 739 1733 agros

28 1738 127 1815 (mitto
150 1755 199 1813 ea,
222 1756 297 1818 quae
318 1737 413 1799 muris
433 1737 570 1800 bellando
593 1739 732 1800 exhausta
754 1738 809 1800 sub
832 1740 912 1813 altis,

28 1841 107 1903 quos
129 1822 235 1885 Simois
256 1830 373 1903 premat
394 1822 443 1884 ille
464 1822 571 1899 viros),
593 1822 714 1884 infanda
735 1841 791 1903 per
812 1823 916 1885 orbem

28 1907 174 1989 supplicia
196 1916 226 1969 et
245 1907 392 1969 scelerum
414 1926 527 1987 poenas
548 1907 742 1987 expendimus
764 1927 883 1980 omues,

28 1992 75 2054 vel
97 1992 214 2054 Priamo
236 1992 402 2054 miseranda
424 2010 545 2069 manus;
574 1993 629 2054 scit
651 1993 734 2054 triste
756 1992 904 2055 Minervae

29 2077 112 2139 sidm
134 2085 165 2139 et
185 2077 334 2139 Euboicae
356 2085 457 2139 cautes
477 2077 616 2156 ultorque
639 2077 816 2156 Caphereus.

29 2161 134 2224 militia
156 2181 193 2224 ex
214 2162 263 2224 illa
284 2162 430 2224 diversum
453 2163 488 2223 ad
510 2162 580 2224 litus
601 2162 695 2224 abacti

29 2247 148 2310 Atrides
169 2247 270 2309 Protei
290 2247 442 2309 blenelaus
464 2247 596 2326 adusque
617 2247 771 2310 columnas

29 2332 158 2409 exsulat,
180 2335 328 2394 Aetnaeos
347 2332 418 2395 vidit
440 2331 582 2412 Cyclopas
603 2332 710 2394 Ulixes.

29 2435 123 2497 regna
145 2416 331 2497 Neoptolemi
353 2419 479 2479 referam
502 2435 661 2496 versosque
683 2417 799 2497 penatis

29 2498 205 2565 ldomeuei‘l
227 2501 378 2583 libycoue
398 2502 558 2564 habitantis
579 2502 666 2563 litore
687 2499 822 2564 Locros?

29 2587 94 2667 ipse
116 2587 293 2669 llyceuaeus
313 2604 490 2666 magnorum
513 2587 619 2649 ductor
640 2588 781 2649 Achivom

29 2672 168 2752 coniugis
189 2670 326 2734 iulandae
348 2672 443 2752 prima
466 2673 544 2734 iutra
565 2672 665 2733 limina
688 2672 789 2734 dextra

30 2757 171 2837 oppetiit:
194 2755 336 2818 devictam
358 2756 455 2819 Asiam
477 2756 611 2819 subsedit
631 2757 755 2818 adulter.

29 2888 89 2907 ...
112 2840 250 2904 invidisse
270 2843 358 2916 deos,
380 2841 484 2923 patriis
504 2852 538 2903 ut
559 2842 691 2904 redditus
711 2842 769 2903 aris

29 2926 204 3006 coniugium
225 2934 358 3007 optatum
381 2936 410 2989 et
430 2926 586 3007 pulchram
608 2926 753 3006 Calydona
776 2925 920 2986 videreml

29 3029 115 3073 nunc
136 3010 224 3073 etiam
244 3010 379 3073 horribili
400 3012 464 3075 visu
485 3020 622 3092 portenta
644 3018 812 3091 sequuntur

29 3105 60 3157 et
81 3095 156 3159 socii
177 3095 275 3158 amissi
297 3097 449 3176 petierunt
469 3097 587 3159 aethera
608 3096 710 3176 pinnis

29 3179 263 3260 fluminibusque
284 3190 428 3260 vagantur
448 3201 516 3244 aves
538 3183 607 3261 (heu
630 3181 693 3242 dira
715 3198 848 3242 meorum

28 3264 175 3347 supplicia
183 3266 204 3344 1)
228 3274 258 3328 et
279 3266 419 3346 scopulos
440 3266 603 3328 lacrimosis
624 3265 747 3329 vocibus
768 3266 901 3347 implent.

117 3417 166 3470 241
185 3420 249 3468 tune
266 3415 287 3468 P
306 3416 331 3469 ¹c
417 3418 466 3470 24³
484 3416 639 3468 Diomedem
655 3435 672 3480 χ
689 3414 790 3468 boehm.
810 3415 881 3468 Lucr.
900 3417 941 3468 50.
976 3412 1105 3463 Diomede

29 3484 105 3538 o’b¹c
121 3482 226 3537 flentel.
243 3483 261 3549 l,
279 3435 349 3536 gott.
361 3484 389 3549 ll,
405 3478 514 3552 ‘antiqui
532 3479 655 3552 plerique'
675 3481 740 3537 Pier.
759 3484 821 3535 item
839 3481 923 3546 Ribb,
942 3480 986 3533 sed
1005 3494 1104 3559 verens,

29 3567 63 3605 ne
75 3551 176 3619 impert.
188 3567 290 3605 venun
303 3551 349 3605 reli
369 3552 436 3606 uerit
447 3556 523 3619 poeta
540 3557 599 3620 post
610 3550 766 3613 Diomedon,
784 3550 853 3618 qood
871 3550 932 3602 boni
945 3549 962 3600 1.
974 3547 1104 3600 exhibent.

30 3623 81 3675 247
100 3623 174 3672 arcte
190 3618 221 3672 b’
237 3569 370 3673 lleutel]
385 3619 487 3686 pserv.
567 3621 615 3673 261
635 3620 728 3670 adacti
743 3616 782 3670 Μι
862 3616 956 3684 tessus
975 3620 1104 3681 transpos.

29 3691 92 3757 post
104 3689 155 3742 268
171 3687 245 3740 Ribb.
257 3694 285 3741 et
296 3687 355 3741 had.
425 3690 476 3742 266
494 3692 553 3756 post
570 3702 731 3753 magnorum
749 3685 874 3739 excidisse
891 3689 924 3737 ut
939 3687 999 3736 stat.
1013 3681 1104 3748 Wagn.

31 3757 81 3811 267
100 3759 186 3822 intra]
203 3758 275 3808 tutor
290 3754 356 3825 Py¹a
374 3754 449 3809 Mace.
468 3755 494 3810 S.
512 3754 546 3807 lV
558 3758 583 3820 4,
596 3754 734 3836 utqssibb.
846 3755 896 3806 268
918 3753 1021 3803 caeteta
1038 3750 1105 3801 Asia

29 3824 107 3947 p’lph
117 3822 205 3945 §marva²
219 3823 288 3944 qqod
306 3839 363 3945 {um
375 3824 455 3877 verbo
473 3826 585 3943 oppplttit
597 3827 729 3944 compngit
741 3821 821 3875 Gebh.
834 3819 941 3873 erlPh.
958 3821 1031 3883 test,
1047 3821 1105 3872 781.

49 3896 63 3946 'l
99 3909 116 3945 a
289 3895 413 3945 ambus
428 3886 525 3945 ‘nouuu
546 3882 563 3943 i’
582 3896 640 3945 test.
679 3906 732 3946 erv.
