2474 4388
120 216 160 276 94
309 211 312 215 ’
488 219 657 278 31333131
674 219 820 274 nnnouls

119 391 286 467 insequitur
308 392 418 467 Salius;
441 393 535 471 spatio
556 404 624 472 post
646 392 752 454 deinde
774 392 877 453 relicto

118 475 221 535 tertius
246 475 402 556 Euryalus3

118 559 337 639 Euryalumque
359 561 500 640 Helymus
522 562 671 640 sequitur;
698 580 757 640 quo
780 561 886 623 deindo
908 562 963 624 sub
987 563 1053 643 ipso

119 662 188 703 ecco
211 645 288 705 volat
310 646 480 724 calcemque
502 647 571 707 terit
593 647 650 707 iam
674 647 752 707 calce
776 647 880 708 Diores

118 729 295 791 incumbens
316 749 436 804 umero,
460 732 553 811 spatia
575 732 649 792 etsi
672 731 757 810 plura
780 732 945 810 supersint,

119 823 247 875 transeat
271 815 386 894 elapsus
409 815 491 895 prior
513 815 718 894 ambiguumre
741 817 898 895 relinquat.

204 898 323 978 lamque
346 901 408 961 fere
431 901 526 980 spatio
549 910 682 962 extremo
705 901 833 980 fessique
856 901 912 963 sub
935 901 1030 982 ipsam

116 983 206 1044 linem
230 984 441 1056 adventabant,
465 987 520 1047 levi
542 1005 610 1046 cum
633 986 778 1065 sanguine
800 986 887 1047 Nisus

116 1067 224 1129 labitur
246 1070 362 1143 infelix,
387 1071 479 1132 caesis
500 1080 533 1132 ut
555 1072 631 1132 forte
654 1072 785 1133 iuvencis

116 1154 198 1215 fusus
220 1154 343 1214 humum
365 1155 525 1234 viridisque
547 1175 637 1236 super
659 1157 854 1217 madefecerat
876 1156 992 1218 herbas.

117 1238 163 1298 bic
186 1239 300 1300 iuvenis
323 1240 381 1299 iam
402 1241 496 1301 victor
518 1259 608 1302 ovans
629 1240 751 1319 vestigia
773 1259 877 1320 presso

115 1323 192 1384 baud
215 1324 311 1384 tenuit
332 1324 456 1385 titubata
478 1325 557 1398 solo,
581 1327 632 1387 sed
655 1324 769 1404 pronus
791 1327 822 1387 in
845 1326 910 1405 ipso

39 1445 41 1450 -
116 1407 245 1468 concidit
267 1409 478 1488 immundoque
501 1411 570 1471 fimo
592 1429 737 1489 sacroque
760 1429 876 1472 cruore.

117 1511 177 1552 non
201 1502 298 1553 tamen
321 1494 456 1574 Euryali,
481 1513 541 1555 non
565 1496 613 1556 ille
636 1495 744 1557 oblitus
766 1514 915 1569 amorum;

116 1595 182 1637 nam
206 1597 270 1638 sese
294 1579 433 1658 opposuit
455 1580 534 1641 Salio
556 1599 611 1659 per
633 1580 745 1642 lubrica
767 1599 908 1660 surgens,

114 1663 162 1722 ille
184 1672 281 1723 autem
304 1664 396 1742 spissa
418 1664 508 1725 iacuit
529 1666 679 1726 revolutus
702 1667 821 1727 harena.

115 1748 220 1808 emicat
242 1747 387 1828 Euryalus
409 1759 439 1811 et
461 1768 585 1810 munere
608 1751 701 1811 victor
724 1750 807 1811 amici

114 1832 207 1910 prima
230 1842 311 1894 tenet
332 1834 497 1913 plausuque
520 1835 597 1895 volat
618 1835 796 1913 fremituque
818 1834 960 1896 secundo.

113 1927 181 1995 post
204 1918 342 1998 Helymus
365 1919 443 1980 subit
465 1929 495 1980 et
517 1938 599 1980 nunc
621 1921 708 1981 tertia
730 1920 824 2000 palma
846 1919 960 1980 Diores.

198 2003 252 2063 llio
275 2013 370 2065 totum
393 2023 496 2067 caveae
519 2023 691 2067 consessum
714 2005 843 2084 ingentis
866 2013 896 2065 et
918 2022 970 2065 ora

113 2088 206 2165 prima
229 2101 346 2167 patrum
370 2092 484 2169 magnis
506 2090 601 2151 Salius
623 2090 802 2152 clamoribus
824 2090 926 2169 implet

113 2184 307 2254 ereptumque
330 2174 398 2235 dolo
421 2175 503 2235 reddi
526 2175 581 2236 sibi
604 2176 699 2254 poscit
720 2176 875 2236 honorem.

111 2266 223 2318 tutatur
245 2260 327 2320 favor
349 2259 508 2339 Euryalum
531 2259 726 2338 lacrimaeque
749 2261 873 2320 decorae

112 2343 220 2420 gratior
243 2353 272 2404 et
296 2343 419 2422 pulchro
442 2345 564 2405 veniens
586 2345 616 2405 in
640 2363 767 2424 corpore
789 2344 896 2417 virtus;

111 2427 226 2488 adiuvat
248 2438 278 2489 et
300 2446 405 2506 magna
429 2429 589 2507 proclamat
609 2449 681 2491 voce
705 2431 823 2503 Diores,

111 2512 162 2592 qui
184 2512 274 2573 subiit
296 2513 409 2592 palmae
432 2514 599 2591 frustraque
622 2517 657 2576 ad
681 2515 809 2595 praemia
832 2514 913 2575 venit

111 2596 228 2669 ullima,
251 2598 275 2658 si
297 2597 384 2677 primi
409 2598 487 2658 Salio
510 2599 671 2660 reddantur
693 2600 832 2661 honores.

109 2692 173 2743 tum
196 2691 280 2761 pater
301 2685 416 2744 deneas
435 2675 550 2745 ‘vestra’
576 2684 673 2762 inquit
692 2677 829 2746 ‘munera
850 2683 933 2744 vobis

110 2776 189 2828 certa
212 2779 350 2840 manent,
372 2769 472 2848 pueri,
497 2777 527 2830 et
547 2769 673 2848 palmam
696 2778 795 2830 movet
817 2769 921 2829 ordine
945 2784 1048 2843 nemo;

108 2871 156 2913 me
179 2851 265 2913 liceat
287 2872 372 2915 casus
394 2854 527 2915 miserari
550 2855 677 2915 insontis
699 2845 802 2915 amici.²

108 2939 150 2999 sic
173 2939 249 2999 fatus
271 2947 387 3018 tergum
410 2938 524 3000 Gaetuli
546 2939 673 3000 immane
694 2939 790 3000 leonis

110 3024 158 3083 dat
180 3024 257 3083 Salio
281 3023 356 3083 villis
380 3042 540 3085 onerosum
563 3033 651 3102 atque
674 3023 825 3102 unguibus
847 3021 954 3084 aureis.

108 3109 155 3168 bio
178 3108 264 3168 Nisus
283 3101 321 3168 ‘si
343 3098 431 3167 tanta'
458 3109 555 3187 inquit
574 3103 657 3170 ‘sunt
678 3109 807 3188 praemia
829 3107 927 3182 victis,

108 3203 137 3252 et
159 3202 187 3252 te
210 3193 358 3272 lapsorum
381 3193 515 3265 miseret,
538 3212 613 3271 quae
637 3212 762 3255 munera
783 3194 852 3255 Niso

107 3277 194 3356 digna
217 3274 319 3337 dabis?
339 3277 464 3355 primam
488 3279 582 3340 merui
605 3278 655 3357 qui
678 3279 763 3339 laude
784 3295 943 3349 coronam,
1139 3283 1186 3335 tto

107 3363 138 3422 ni
160 3380 223 3435 me,
247 3380 321 3440 quae
345 3361 470 3437 Salium,
494 3364 614 3424 fortuna
635 3363 755 3425 inimica
775 3351 907 3425 tulisset?

107 3456 136 3508 et
158 3446 244 3506 simul
266 3447 311 3507 his
334 3446 418 3508 dictis
441 3449 544 3508 faciem
568 3448 734 3510 ostentabat
755 3457 785 3509 et
807 3447 866 3509 udo

105 3533 202 3612 turpia
225 3531 354 3591 membra
378 3533 456 3594 fimo.
501 3533 565 3594 risit
587 3541 671 3612 pater
693 3534 822 3612 optimus
845 3531 894 3592 olli

191 3684 241 3734 324
258 3686 313 3732 iam
331 3686 435 3748 iamque
453 3682 527 3735 Bihr.
550 3684 622 3746 1881,
641 3684 700 3735 824.
821 3684 870 3734 326
889 3683 1075 3746 ambiguitates
1091 3675 1182 3728 Heius·

104 3752 145 3810 (ex
164 3749 248 3813 33311)
283 3753 490 3816 ambiguumque
507 3750 574 3814 libri,
592 3749 666 3801 Ribb.
773 3752 822 3803 332
840 3751 986 3800 titubantia
1005 3743 1093 3811 mally
1112 3744 1184 3796 ZoG.

107 3821 179 3877 1881,
198 3820 255 3869 411.
343 3821 392 3871 333
411 3823 471 3885 post
489 3834 585 3870 cruore
603 3833 701 3870 comma
720 3833 776 3886 pos.
794 3817 869 3869 Ribb.
962 3819 1010 3870 341
1029 3811 1184 3864 reddentur

103 3883 238 3954 Py¹Ribb
272 3887 423 3937 redduntur
440 3885 511 3938 mbo
598 3889 648 3940 3511
666 3889 787 3937 misereri
804 3884 904 3936 P¹Rbc¹
915 3882 989 3937 Ribb.
