2474 4388
30 286 33 293 ,
107 247 167 306 140
480 247 508 301 Ρ.
522 246 647 300 vanam
664 246 811 300 Manoms

105 422 262 480 Auruncos
284 419 324 481 ita
345 421 424 480 lerrc
447 437 546 494 senes,
569 419 615 480 his
636 429 720 480 ortus
742 427 775 480 ut
795 418 873 498 agris

105 505 259 566 Dardanus
280 503 381 565 idaeas
403 503 546 584 Phrygiae
569 504 733 584 penetrarit
753 505 789 566 ad
812 502 902 566 urbes

105 589 331 667 Threiciamque
353 589 480 662 Samon,
504 607 578 667 quae
602 608 683 650 nnnc
705 588 905 650 Samothracia
928 589 1032 651 fertur.

105 674 176 735 hinc
197 673 280 734 illum
303 673 423 753 Corythi
445 673 598 752 Tyrrhena
620 672 657 734 ab
680 673 750 735 sede
771 674 939 754 proiectum

106 777 195 819 aurea
217 777 298 819 nunc
321 757 395 820 solio
418 757 561 819 stellantis
583 758 664 837 regia
686 759 760 819 caeli

106 843 228 922 accipit,
252 852 282 904 et
304 861 461 904 numerum
484 842 618 903 (livorum
640 842 780 904 altaribus
801 839 907 923 auget.³

191 927 327 1001 Dixerat,
350 936 379 988 et
400 927 477 988 dicta
500 927 631 989 Ilioneus
652 927 694 988 sic
716 947 788 989 voce
809 937 943 990 secutus:

102 1005 183 1087 ‘rcx,
207 1031 302 1091 genus
324 1012 477 1091 egregium
501 1011 609 1087 Fauni,
634 1031 688 1073 nec
711 1013 849 1075 fluctibus
871 1021 953 1074 actos

106 1107 169 1159 atra
191 1096 309 1176 subegit
329 1097 424 1158 hiems
445 1097 549 1158 vestris
570 1097 730 1158 succedere
752 1097 840 1159 terris

107 1201 163 1244 nco
185 1183 266 1243 sidus
288 1182 410 1261 regione
431 1181 494 1242 viae
515 1181 619 1243 litusve
641 1181 758 1244 fefellit:

107 1265 231 1327 consilio
253 1266 331 1327 hanc
352 1284 457 1327 omnes
479 1267 644 1346 animisque
665 1266 833 1328 volentibus
854 1265 960 1327 urbem

107 1351 268 1412 adterimur
289 1351 367 1431 pulsi
389 1350 505 1429 regnis,
529 1370 605 1430 quae
628 1352 751 1412 maxima
774 1352 924 1430 quondam

107 1445 239 1497 extremo
262 1435 384 1497 veniens
407 1435 459 1495 Sol
479 1436 640 1516 aspiciebat
661 1436 798 1518 Olympo.

108 1520 144 1582 ab
167 1521 235 1582 love
257 1520 438 1601 principium
460 1521 593 1600 generis,
617 1520 683 1582 love
706 1521 840 1583 Dardana
863 1519 957 1601 pubes

107 1605 216 1684 gaudet
237 1625 307 1679 avo,
337 1624 389 1667 rex
411 1604 475 1685 ipse
497 1605 572 1668 lovis
594 1606 742 1686 degente
764 1623 916 1685 suprema:

108 1691 215 1752 Trolus
237 1693 352 1752 Aeneas
374 1698 422 1751 tua
446 1709 502 1752 nos
525 1692 561 1752 ad
583 1691 685 1751 limina
707 1690 795 1752 misit.

108 1784 218 1855 quanta
239 1794 293 1856 pcr
314 1775 417 1837 ldaeos
438 1775 531 1838 saeris
554 1776 645 1837 effusa
666 1775 799 1856 Mycenis

107 1870 265 1941 tempestas
286 1859 354 1921 ierit
375 1878 510 1939 campos,
535 1860 643 1939 quibus
664 1871 748 1922 actus
770 1868 895 1938 uterque

108 1946 244 2025 Europae
266 1954 354 2024 atque
376 1945 462 2006 Asiae
484 1945 549 2006 latis
572 1944 759 2007 concurrerit
780 1944 877 2018 orbis,

108 2030 199 2092 audiit
221 2030 296 2091 etsi
319 2049 407 2109 quem
429 2030 516 2092 tellus
539 2039 669 2091 extrema
691 2030 792 2091 reluso

108 2115 263 2177 submovet
285 2113 419 2189 Oceano,
443 2123 474 2176 et
494 2114 520 2176 si
542 2133 632 2194 quem
653 2123 772 2175 extenta
793 2114 946 2194 plagarum

109 2209 250 2279 quattuor
271 2199 302 2261 in
326 2200 423 2261 medio
447 2198 558 2260 dirimit
579 2200 664 2279 plaga
687 2199 763 2261 SoHs
784 2198 889 2278 iniqui.

108 2285 216 2346 diluvio
239 2284 347 2345 exilio
369 2293 415 2345 tot
435 2292 515 2346 vasta
538 2302 593 2364 per
614 2301 742 2363 aequora
765 2283 839 2345 vecti

109 2369 153 2431 dis
175 2368 275 2431 sedem
297 2369 431 2448 exiguam
454 2369 557 2448 patriis
579 2369 708 2449 litusque
730 2386 870 2446 rogamus

109 2455 274 2515 innocuum
298 2461 327 2514 ct
349 2453 465 2515 cunctis
486 2454 657 2533 undamque
678 2471 840 2532 auramque
862 2461 1021 2533 patentem.

110 2557 171 2599 non
195 2537 304 2599 erimus
325 2556 419 2617 regno
442 2537 598 2601 indecores
621 2557 676 2600 nec
698 2547 793 2600 vestra
814 2539 927 2600 leretur

109 2623 185 2683 lama
206 2623 277 2684 levis
299 2623 434 2702 tantique
456 2622 605 2685 abolescet
626 2623 720 2703 gratia
740 2622 810 2684 iacti

110 2727 166 2769 nec
189 2707 306 2768 Troiam
330 2707 477 2769 Ausonios
500 2708 613 2787 gremio
636 2707 787 2788 excepisse
809 2706 929 2787 pigebit.

109 2794 167 2853 lata
189 2811 243 2873 per
264 2795 381 2855 Aeneae
403 2793 470 2854 iuro
492 2793 685 2872 dextramque
707 2800 875 2872 potentem,

109 2877 169 2939 sive
191 2878 249 2939 lide
270 2897 323 2939 seu
346 2878 413 2959 quis
435 2878 513 2938 bello
536 2887 581 2939 est
603 2886 743 2956 expertus
765 2888 794 2938 ct
815 2876 919 2939 armis:

109 2963 194 3024 multi
218 2981 273 3024 nos
294 2963 414 3043 populi,
438 2962 547 3024 multae
570 2966 621 3040 (ne
643 2972 759 3036 temne,
783 2961 863 3041 quod
885 2961 964 3023 ultro

110 3047 305 3127 praeferimus
327 3047 464 3110 manibus
486 3048 570 3110 vittas
591 3066 626 3108 ac
647 3046 735 3108 verba
757 3046 921 3126 precantia)

110 3142 140 3193 et
161 3133 274 3211 petiere
297 3132 353 3193 sibi
376 3142 406 3195 et
427 3133 547 3194 voluere
569 3132 731 3210 adiungere
753 3139 871 3211 gentes;

110 3216 161 3278 sed
184 3236 240 3278 nos
261 3217 319 3277 lata
341 3218 430 3280 deum
451 3227 563 3280 vestras
584 3217 740 3296 exquirere
761 3226 855 3277 terras

110 3301 242 3381 imperiis
264 3319 352 3381 egere
373 3302 450 3364 suis:
472 3302 544 3363 hinc
568 3301 720 3363 Dardanus
742 3310 840 3375 ortus,

110 3386 169 3447 huc
190 3385 298 3467 repetit
319 3387 466 3467 iussisque
487 3385 661 3466 ingentibus
681 3394 769 3464 urget
790 3385 896 3465 Apollo

110 3470 298 3552 Tyrrhenum
321 3473 356 3534 ad
379 3472 521 3553 Thybrim
543 3481 573 3532 et
595 3471 686 3533 fontis
707 3471 778 3531 vada
800 3487 883 3532 sacra
905 3466 1032 3530 Numici.

110 3556 160 3617 dat
181 3555 234 3617 tibi
257 3566 409 3636 praeterea
431 3558 568 3619 fortunae
589 3573 676 3636 parva
697 3554 805 3635 prioris

196 3776 245 3828 207
281 3774 488 3827 enecaverant
506 3772 583 3841 pell
668 3774 717 3826 211
736 3788 846 3823 numero
864 3769 927 3841 9¹7¹
961 3785 1097 3823 numm..
1110 3770 1190 3822 addit

110 3840 203 3908 Jaeper
220 3842 260 3896 ZG
295 3881 302 3895 .
323 3845 397 3909 1819,
415 3845 473 3896 568.
517 3842 594 3894 addit
609 3838 740 3911 y¹bcLad.
840 3842 888 3893 1111
908 3844 968 3904 post
984 3853 1110 3905 suprema
1129 3837 1188 3890 tort.

111 3908 228 3962 (1111111.
248 3912 322 3976 1869,
340 3912 364 3964 8.
452 3911 501 3962 232
520 3913 622 3961 tantive
638 3907 676 3961 Rc
761 3913 821 3961 ante
840 3909 889 3960 113
907 3905 956 3960 lac.
975 3909 1035 3958 1111
1053 3903 1129 3958 Ribb.
