2474 4388
115 231 174 290 160
490 228 518 280 Ρ.
532 227 660 280 VERGllA
677 226 822 280 uinctus

113 420 214 464 verum
238 401 289 462 ubi
313 399 392 461 nulla
415 400 501 459 datur
523 416 644 460 caecum
667 416 845 478 exsuperare
868 407 1001 479 potestas

114 487 323 549 consiliumt
294 493 323 546 ct
344 503 445 546 saevae
468 493 542 545 nutu
566 484 689 546 lunonis
712 492 785 544 eunt
806 501 870 559 res,

113 571 204 633 multa
226 570 298 632 deos
320 588 471 670 aurasque
487 575 571 648 pater
592 577 681 630 testat
682 588 716 630 us
738 568 836 629 inanis

110 651 291 754 ‘frangimur
312 656 371 716 beu
392 644 471 715 fatis’
497 652 594 749 inquit
613 647 809 750 ‘serimurque
833 652 979 731 procellal

114 742 171 820 ipsi
192 742 246 801 bas
267 740 409 818 sacrilego
431 738 567 818 pendetis
589 739 734 818 sanguine
756 755 884 816 poenas,

115 826 263 886 omiseri.
307 834 352 898 te,
375 824 492 897 Turne,
516 825 613 898 nefas,
637 831 665 883 te
688 823 771 884 triste
793 821 927 882 manebit

115 910 294 991 supplicium
315 908 449 986 votisque
472 870 543 969 deos
564 907 745 969 venerabere
768 907 850 968 seris.

116 1015 183 1056 nam
207 994 277 1055 mibi
301 1001 383 1072 parta
406 993 506 1097 quies,
530 993 686 1071 omnisque
708 992 740 1053 in
762 990 865 1053 limine
888 998 1057 1070 portus.

115 1082 219 1141 sunere
242 1079 320 1138 lelici
342 1071 472 1157 spolior?
518 1096 574 1139 nec
596 1078 681 1156 plura
704 1077 822 1138 locutus

114 1164 223 1243 saepsit
244 1180 275 1224 se
298 1164 383 1223 tectis
404 1180 566 1258 rerumque
589 1161 708 1240 reliquit
728 1159 868 1221 habenas.

200 1247 264 1307 llos
286 1254 349 1307 erat
371 1245 544 1326 Hesperio
537 1265 567 1306 ιιι
591 1246 684 1319 Latio,
707 1263 796 1343 quem
818 1244 958 1324 protinus
981 1243 1072 1305 urbes

115 1332 245 1393 Albanae
267 1330 385 1392 coluere
408 1349 539 1405 sacrum,
563 1348 645 1392 nunc
667 1331 791 1391 maxima
814 1346 916 1390 rerum

115 1417 207 1476 Roma
231 1414 316 1490 colit
339 1434 405 1476 cum
429 1416 525 1494 prima
546 1416 696 1476 movent
688 1435 719 1476 ιιι
743 1413 1018 1495 proeliandum,

116 1502 175 1561 sire
198 1500 278 1560 Getis
300 1500 411 1560 inferre
433 1518 523 1561 manu
545 1499 725 1561 lacrimabile
747 1499 858 1560 bellum

115 1584 294 1664 Hyrcanisve
316 1583 455 1645 Arabisve
478 1594 584 1664 parant
605 1603 663 1652 seu,
680 1585 803 1646 tendere
826 1582 860 1644 ad
884 1581 975 1643 Indos

115 1671 319 1765 Auroramque
341 1668 425 1747 sequi
446 1669 631 1748 Parthosque
653 1684 812 1749 reposcere
834 1667 927 1746 signa

115 1762 186 1815 sunt
207 1754 342 1832 geminae
364 1753 437 1814 Relli
459 1761 562 1833 portae
584 1754 639 1831 (sic
661 1754 783 1814 nomine
805 1752 920 1828 dicunt)

115 1838 259 1917 religione
282 1855 382 1899 sacrae
405 1845 435 1898 et
456 1838 533 1899 saevi
554 1838 713 1899 formidine
735 1837 853 1911 Martis3

116 1931 185 1982 cent
187 1940 235 1984 um
258 1923 336 1983 aerei
359 1922 501 1983 claudunt
521 1931 620 1984 vectes
642 1933 821 2000 aeternaque
843 1913 916 1982 lerri

114 2006 222 2068 robora
245 2025 302 2068 nec
324 2015 423 2069 custos
444 2007 558 2068 absistit
578 2006 680 2068 limine
702 2006 800 2068 lanus.

114 2091 180 2166 bas,
204 2091 255 2152 ubi
278 2098 356 2152 certa
379 2091 461 2153 sedet
482 2099 533 2171 pat
520 2090 616 2154 tribus
637 2090 785 2153 sententia
807 2107 939 2170 pugnae,

114 2175 177 2255 ipse
200 2176 344 2247 Quirinali
366 2176 468 2237 trabea
490 2177 651 2254 cinctuque
673 2175 786 2236 Gabino

114 2260 239 2339 insignis
261 2268 372 2321 reserat
394 2260 547 2322 stridentia
569 2261 670 2321 limina
692 2259 813 2333 consul,

114 2344 177 2424 ipse
199 2352 283 2405 vocat
304 2362 436 2423 pugnaS‚
459 2346 593 2424 sequitur
615 2354 678 2405 tum
701 2351 800 2405 cetera
821 2341 917 2421 pubes

114 2447 258 2506 aereaque
281 2427 408 2489 adsensu
430 2430 604 2508 conspirant
625 2447 739 2490 cornua
761 2445 860 2489 rauco.

113 2513 172 2573 hoc
194 2519 223 2572 et
245 2520 308 2571 tum
330 2512 475 2574 Aeneadis
497 2513 630 2575 indicere
652 2512 728 2574 bella
750 2512 873 2573 Latinus

114 2614 198 2657 more
221 2595 379 2657 iubebatur
400 2597 551 2675 tristisque
572 2596 727 2660 recludere
750 2604 867 2676 portas:

115 2680 258 2742 abstinuit
280 2689 358 2741 tactu
382 2690 467 2761 pater
488 2699 667 2761 aversusque
690 2681 800 2761 relugit

115 2766 199 2826 loeda
221 2766 384 2827 ministeria
407 2775 436 2827 et
458 2766 552 2828 caecis
574 2786 606 2828 se
629 2766 762 2828 condidit
783 2763 907 2826 umbris.

114 2859 177 2911 tum
200 2851 303 2930 regina
325 2851 413 2912 deum
435 2853 516 2913 caelo
539 2852 658 2931 delapsa
681 2850 825 2911 morantis

115 2935 231 3015 impubt
253 2936 316 3015 ipsa
338 2954 427 2997 manu
450 2945 550 3015 portas
572 2944 602 2996 ct
623 2936 744 2996 cardine
765 2951 851 2995 verso

116 3020 189 3080 Belli
211 3021 336 3081 ferratos
359 3021 473 3100 rumpit
494 3021 632 3082 Saturnia
654 3020 757 3099 postis.

115 3104 197 3164 ardet
218 3104 344 3164 inexcita
368 3105 496 3165 Ausonia
519 3113 608 3183 atque
630 3103 789 3165 immobilis
812 3110 897 3175 ante;

157 3205 226 3266 pars
248 3187 339 3265 pedes
360 3188 403 3249 ire
424 3198 509 3268 parat
531 3189 655 3269 campis,
678 3206 746 3268 pars
767 3187 879 3248 arduus
901 3183 966 3245 altis

158 3271 382 3350 pulverulentus
405 3273 488 3351 equis
510 3274 598 3349 lurit3
622 3291 726 3334 omnes
748 3289 829 3332 arma
852 3269 1019 3348 requirunt.
1152 3277 1196 3326 625

115 3373 185 3435 pars
206 3355 277 3417 levis
299 3356 411 3435 clipeos
434 3366 463 3417 et
484 3358 596 3438 spicula
618 3356 714 3418 lucida
736 3363 856 3436 tergent

115 3441 214 3501 arvina
236 3440 340 3520 pingui
362 3441 564 3521 subiguntque
586 3442 615 3503 in
640 3449 706 3502 cote
727 3456 863 3513 secures3
1151 3444 1195 3494 (ιιι

115 3526 163 3586 bic
185 3525 297 3605 galeam
319 3526 405 3587 tectis
427 3525 559 3606 trepidus
581 3526 673 3605 rapit,
696 3525 782 3587 illel
768 3522 923 3586 frementis
1151 3527 1196 3578 638

201 3677 251 3728 598
274 3678 346 3737 nam]
369 3691 424 3725 non
447 3674 493 3736 ml,
517 3674 585 3727 idem
609 3675 676 3726 coni.
697 3673 756 3726 bad.
811 3689 860 3724 nee
884 3671 964 3724 Gebb.
987 3668 1050 3721 err.
1072 3666 1195 3720 bleseritz

118 3743 191 3805 1879,
212 3745 251 3796 19.
303 3745 358 3792 ium
376 3741 467 3794 ΗοΓΓιιι.
485 3742 551 3794 zat}
572 3744 646 3807 1853,
665 3744 722 3794 516.
776 3743 862 3791 omnis
880 3742 928 3805 qui
945 3751 1018 3804 prop
1036 3733 1077 3790 ΚΙ.

116 3810 166 3860 622
188 3813 266 3875 rupit
287 3808 382 3861 Fllb'n
469 3808 545 3878 calla
568 3809 668 3862 secludi
688 3809 744 3859 vult
768 3807 807 3860 ΚΓ.
880 3757 971 3873 962328
997 3803 1081 3856 damn.
1106 3802 1196 3857 Gdtbl.

118 3877 191 3937 1886,
209 3880 233 3929 6.
320 3877 396 3942 croft
416 3876 490 3928 Ribb.
509 3881 568 3928 ante
586 3878 636 3929 638
654 3875 745 3928 colloc.
763 3878 790 3927 et
807 3879 835 3927 ut
853 3874 956 3940 dittogr.
976 3871 1037 3924 secl.
