2286 4394
75 197 139 259 282
453 195 481 248 P.
495 193 624 249 vtttulu
640 193 789 250 nunonis

75 373 149 433 haec
171 370 244 430 adeo
267 387 301 429 ex
326 368 375 429 illo
397 368 469 429 milri
492 369 549 428 iam
572 367 719 448 speranda
739 369 866 432 luerunt

74 466 225 536 tempore,
248 473 316 515 cum
341 455 420 514 lerro
443 453 577 515 caelestia
600 471 728 534 corpora
749 452 875 518 demens

75 540 184 621 appetii
207 549 237 600 et
258 538 384 601 Veneris
406 539 509 600 violavi
530 538 651 599 volnere
673 538 815 601 dextram.

75 643 221 698 nevero,
245 642 284 685 ne
307 642 354 685 me
376 623 412 684 ad
435 623 501 684 talis
520 623 663 705 impellite
684 641 812 703 pugnas.

76 728 131 772 nec
154 710 225 771 milri
248 728 315 771 cum
339 708 462 770 Teucris
482 708 577 771 ullum
599 718 668 789 post
689 719 773 770 eruta
795 709 909 773 bellum

76 795 219 874 Pergama
242 813 298 856 nee
320 803 452 855 veterum
474 794 597 856 memini
617 793 747 855 laetorve
769 795 927 857 malorum.

76 899 217 953 munera,
240 898 315 959 quae
338 878 441 958 patriis
463 878 498 940 ad
521 897 569 941 me
590 879 714 960 portatis
735 879 773 941 ab
796 881 876 955 oris,

76 967 180 1028 vertite
203 965 238 1026 ad
263 967 392 1026 Aenean.
437 965 572 1025 stetimus
593 964 650 1026 tela
671 982 776 1044 aspera
798 974 905 1028 contra

78 1051 318 1129 contulimusque
340 1066 462 1122 manus;
491 1057 612 1128 experto
634 1048 760 1126 credite,
783 1061 916 1132 quantus

77 1137 108 1198 in
131 1136 258 1217 clipeum
281 1135 434 1215 adsurgat,
457 1153 517 1213 quo
538 1133 660 1196 turbine
680 1142 820 1214 torqueat
839 1137 964 1199 hastam.

77 1221 101 1282 si
125 1221 184 1282 duo
206 1230 358 1300 praeterea
380 1218 445 1280 talis
466 1218 552 1281 Idaea
573 1218 689 1281 tulisset

76 1314 155 1366 terra
178 1305 273 1377 viros,
297 1303 375 1364 ultro
397 1303 532 1367 lnachias
552 1305 681 1366 venisset
702 1304 738 1365 ad
760 1303 850 1368 urbes

77 1389 231 1450 llardanus
253 1399 282 1449 et
304 1388 395 1448 versis
417 1389 533 1469 lugeret
554 1389 676 1451 Graecia
698 1389 774 1452 tatis.

77 1472 220 1554 quidquid
243 1473 321 1552 apud
343 1473 434 1535 durae
457 1483 603 1537 cessatum
626 1484 672 1536 est
692 1475 811 1536 moenia
832 1473 959 1551 Troiae,

76 1558 213 1620 Hectoris
235 1559 411 1636 Aeneaeque
433 1577 525 1622 mauu
546 1559 668 1621 victoria
690 1559 810 1621 Graium

76 1644 170 1705 haesit
192 1654 222 1706 et
243 1644 272 1705 in
297 1643 443 1704 decimum
466 1645 586 1725 vestigia
609 1645 722 1706 rettulit
743 1662 865 1706 annum.

77 1729 163 1791 ambo
186 1728 308 1802 animis,
332 1728 419 1789 ambo
442 1729 575 1809 insignes
596 1729 815 1811 praestantibus
835 1729 944 1805 armis;

76 1815 125 1877 hic
148 1815 256 1895 pietate
278 1813 371 1895 prior.
416 1823 524 1876 coeant
544 1816 575 1876 in
599 1816 718 1876 foedera
739 1816 875 1889 dextrae,

78 1918 135 1980 qua
157 1901 258 1973 datur;
288 1906 331 1960 ast
354 1899 444 1961 armis
465 1908 648 1962 concurrant
669 1917 763 1973 arma,
787 1893 923 1961 cavete.'’

77 1994 107 2048 et
128 2002 272 2066 responsa
294 1984 381 2046 simul
404 2003 479 2064 quae
500 1985 575 2060 sint,
598 2003 649 2046 rex
672 1986 796 2066 optime,
819 1984 897 2064 regis

77 2071 182 2134 audisti
206 2079 235 2132 et
256 2088 331 2149 quae
354 2071 392 2131 sit
413 2088 522 2150 magno
544 2069 690 2133 sententia
711 2060 813 2132 bello’

163 2155 216 2217 Vix
239 2174 272 2216 ea
294 2156 397 2235 legati,
419 2156 575 2235 variusque
597 2173 651 2235 per
673 2173 724 2216 ora
747 2155 881 2218 cucurrit

78 2240 259 2303 Ausonidum
283 2240 398 2301 turbata
421 2243 547 2315 tremor,
570 2259 625 2302 ceu
647 2258 714 2302 saxa
736 2250 893 2302 morantur

79 2345 145 2388 curn
168 2325 285 2405 rapidos
307 2327 416 2401 amnis,
440 2328 473 2388 fit
494 2327 594 2388 clauso
617 2325 733 2407 gurgite
754 2343 891 2386 murmur

76 2412 249 2489 vicinaeque
272 2411 402 2472 lremunt
424 2411 507 2492 ripae
529 2410 743 2492 crepitantibus
764 2411 862 2472 undis.

78 2504 110 2557 ut
132 2495 262 2573 primum
285 2496 389 2575 placati
412 2498 501 2557 animi
525 2506 554 2558 et
575 2496 688 2577 trepida
712 2514 762 2557 ora
785 2496 942 2574 quierunt,

78 2581 227 2660 praelatus
250 2580 332 2641 divos
353 2581 426 2641 solio
450 2600 501 2642 rex
525 2583 590 2643 inllt
612 2581 647 2642 ab
671 2581 742 2641 alto:

159 2657 249 2725 ‘Ante
272 2666 408 2745 equidem
431 2686 545 2728 summa
569 2668 605 2727 de
628 2685 660 2728 re
682 2666 833 2740 statuisse,
856 2665 969 2738 Latini,

79 2759 108 2812 et
129 2750 232 2812 vellem
255 2760 284 2812 et
307 2753 402 2813 luerat
423 2752 542 2821 melius,
567 2771 628 2813 uon
652 2761 787 2832 tempore
808 2751 858 2811 tali

78 2855 185 2918 cogere
209 2837 384 2911 concilium,
408 2857 475 2899 cum
499 2856 600 2898 murus
622 2838 734 2898 adsidet
754 2836 857 2898 hostis.

77 2921 187 2984 bellum
211 2923 431 3003 importunum,
455 2924 546 2996 cives,
570 2941 637 2983 cum
660 2931 748 3002 gente
771 2923 894 2982 deorum

78 3008 253 3087 invictisque
276 3009 345 3070 viris
367 3009 512 3087 gerimus,
535 3027 611 3086 quos
634 3008 712 3068 nulla
736 3006 858 3086 fatigant

78 3093 188 3172 proelia
212 3111 268 3152 nec
291 3093 358 3154 victi
382 3102 507 3174 possunt
527 3093 669 3154 absistere
691 3093 781 3153 ferro.

76 3195 158 3256 spem
182 3177 205 3237 si
230 3194 317 3255 quam
341 3178 457 3239 adscitis
480 3178 615 3239 Aetolum
637 3178 781 3239 habuistis
804 3176 832 3237 in
857 3175 960 3246 armis,

77 3260 189 3341 ponite.
234 3280 302 3341 spes
323 3260 378 3322 sibi
402 3263 544 3341 quisque;
573 3263 624 3323 sed
647 3263 719 3324 haec
743 3279 830 3341 quam
853 3267 996 3338 angusta,
1018 3259 1080 3321 vide

77 3354 175 3408 cetera
199 3364 254 3426 qua
278 3365 377 3407 rerum
402 3347 516 3410 iaceant
537 3348 671 3429 perculsa
694 3348 796 3419 ruina,

77 3441 145 3494 autc
169 3432 270 3493 oculos
292 3431 429 3510 interque
451 3453 557 3496 manus
579 3442 649 3495 sunt
672 3432 769 3494 omnia
792 3440 911 3493 vestras.

79 3537 134 3579 nec
157 3535 335 3598 quemquam
359 3518 478 3581 incuso:
507 3519 603 3600 potuit
625 3536 700 3596 quae
722 3517 848 3598 plurima
871 3516 963 3575 virtus

78 3622 158 3678 esso,
183 3602 252 3678 luit;
275 3610 338 3663 toto
361 3613 504 3665 certaturn
528 3613 573 3666 est
595 3621 720 3682 corpore
744 3602 838 3679 regni.
862 3636 903 3646 -

76 3738 278 3749 ——-—-—----

163 3805 212 3855 295
232 3819 298 3867 quoe
317 3803 348 3853 de
365 3817 464 3867 magno
482 3819 502 3853 a.
522 3804 544 3854 b.
563 3801 646 3854 Madv.
660 3805 701 3855 44.
757 3807 852 3868 magni
868 3819 888 3854 e.
908 3801 971 3852 delli
987 3816 1060 3867 prop.

78 3866 110 3917 cl.
130 3868 174 3919 Sll.
194 3870 222 3922 lt.
243 3868 283 3920 Vll
303 3872 360 3923 22³.
448 3872 497 3922 304
516 3872 617 3920 obsidet
633 3869 750 3946 libo’mar
