2286 4394
453 108 613 161 nunninus
632 109 690 162 LlB.
704 109 755 161 Vll.
1072 109 1131 166 149

25 283 190 361 undique
212 294 246 343 ut
268 281 377 342 auxilio
399 281 534 353 veniant3
557 297 691 358 spargam
715 297 794 338 arma
817 298 871 359 per
894 271 996 359 agros?

31 372 127 427 tum
146 377 246 429 contra
269 366 360 426 luno:
380 357 541 425 ‘terrorum
564 371 594 424 et
614 363 725 425 fraudis
746 364 864 424 abunde
887 374 947 440 est;

40 456 142 512 stant
160 451 229 512 helli
251 467 370 524 causae,
392 457 543 528 pugnatur
564 449 731 509 comminus
753 449 854 522 armis;

48 548 141 610 quae
159 537 220 597 sors
240 536 337 616 prima
360 533 454 607 dedit,
477 533 598 611 sanguis
621 552 714 594 novus
736 533 842 593 imbuit
830 541 950 594 tarma.

50 618 134 681 talia
153 620 288 699 coniugia
312 627 341 680 et
362 618 428 679 talis
451 618 603 678 celebrent
623 618 802 697 hymenaeos

57 706 212 784 egregium
235 703 360 764 Veneris
381 721 476 782 genus
498 710 528 763 et
549 721 601 762 rex
624 703 685 782 ipse
708 702 845 763 Latinusl

58 790 98 846 te
121 808 202 870 super
223 788 370 850 aetherias
392 805 491 848 errare
514 787 651 848 licentius
674 806 759 847 auras

39 866 210 934 haudt
162 882 210 954 pat
211 892 244 935 er
266 873 316 934 illc
337 872 421 946 velit,
445 872 551 933 summi
574 880 714 949 regnator
737 871 870 951 Olympi3

10 990 12 1039 3
64 958 138 1018 cele
155 959 241 1019 locis:
257 976 339 1062 ego,
363 956 388 1017 si
410 974 466 1034 qua
489 974 578 1036 super
600 957 718 1016 fortuna
740 956 874 1017 laborum
899 964 958 1020 est

65 1033 132 1115 ipsa
150 1037 267 1121 regam?
314 1041 380 1102 talis
402 1040 523 1102 dederat
545 1041 680 1101 Saturnia
704 1059 803 1114 rooeS,

66 1116 120 1186 illa
136 1135 229 1190 autem
252 1125 360 1187 attollit
380 1126 532 1187 stridentis
553 1126 700 1204 anguibus
722 1126 780 1187 alas

68 1202 222 1292 Cocytique
245 1210 320 1290 petit
342 1211 441 1272 sedem
465 1229 572 1290 supera
594 1210 684 1270 ardua
707 1211 853 1288 linquens.

67 1304 117 1356 est
133 1297 212 1358 locus
234 1295 334 1356 ltaliae
356 1294 453 1357 medio
475 1295 531 1355 suh
553 1296 705 1355 montibus
727 1296 807 1368 altis,

69 1380 172 1443 nobilis
194 1389 223 1441 et
245 1381 323 1440 lama
345 1380 444 1441 multis
467 1387 647 1441 memoratus
668 1380 700 1440 in
725 1380 799 1453 oris,

65 1457 233 1544 Ampsancti
256 1464 358 1540 valles3
381 1464 480 1526 densis
502 1465 583 1525 hunc
605 1464 762 1525 frondibus
784 1472 880 1524 atrum

65 1555 150 1628 urget
170 1549 382 1646 utrimqnet
343 1549 419 1610 latus
441 1549 571 1610 nemoris
594 1549 749 1627 medioque
771 1550 906 1627 fragosus

65 1625 118 1695 dat
135 1635 264 1696 sonitum
288 1633 365 1694 saris
387 1641 417 1695 et
439 1642 517 1694 torto
540 1635 650 1694 vertice
673 1641 804 1694 torrens:

64 1705 117 1780 hio
136 1737 243 1799 specus
264 1718 446 1780 horrendum
469 1725 499 1779 et
519 1719 595 1779 saevi
618 1718 762 1797 spiracula
786 1717 860 1778 uitis

64 1810 162 1866 meost
163 1810 269 1864 rantur
291 1803 470 1881 ruptoque
462 1821 569 1900 ingens
591 1801 761 1863 Acheronte
783 1820 890 1880 vorago

62 1889 217 1976 pestiferas
239 1887 335 1967 aperit
355 1889 472 1962 fauces,
497 1888 562 1965 quis
584 1886 702 1948 condita
724 1887 848 1966 Erinys,

63 1963 190 2034 invisum
214 1989 343 2047 numen,
367 1979 459 2032 terras
480 1971 655 2049 caelumque
676 1971 797 2032 levabat.

149 2058 210 2118 Nec
233 2057 331 2117 minus
352 2056 466 2116 interea
488 2064 647 2117 extremam
671 2056 809 2118 Saturnia
832 2055 909 2115 hello

64 2137 192 2222 imponit
213 2141 317 2219 regina
338 2158 468 2201 manum.
512 2141 572 2201 ruit
594 2142 691 2202 omnis
714 2142 743 2201 in
768 2140 872 2202 urhem

66 2236 218 2306 pastorum
241 2243 277 2285 ex
299 2226 361 2286 acie
384 2243 526 2288 numerus
548 2244 708 2303 caesosque
730 2234 884 2304 reportant

66 2313 220 2372 Almonem
243 2328 370 2390 puerum
392 2310 560 2388 foedatique
583 2329 634 2370 ora
657 2310 770 2371 Galaesi

65 2396 285 2475 implorantque
308 2395 379 2456 deos
401 2395 646 2474 obtestanturque
668 2395 814 2455 Latinum.

66 2481 187 2542 Turnus
209 2479 290 2540 adest
312 2479 468 2559 medioque
490 2480 521 2540 in
545 2480 669 2540 erimine
692 2480 788 2541 caedis
810 2486 840 2539 et
862 2478 922 2557 igni

66 2575 212 2627 terrorem
235 2564 412 2643 ingeminat:
437 2564 569 2626 Teucros
591 2565 622 2625 in
646 2582 737 2642 regna
759 2564 871 2638 vocari,

64 2651 187 2730 stirpem
210 2648 363 2709 admisceri
386 2649 557 2729 Phrygiam,
580 2669 612 2711 se
635 2649 736 2710 limine
759 2648 838 2728 pelli.

65 2745 146 2807 tum,
172 2751 299 2812 qnorum
322 2734 461 2794 attonitae
484 2735 600 2796 Baccho
624 2751 747 2795 nemora
768 2733 829 2793 avia
852 2740 960 2792 matres

66 2819 212 2881 insultant
234 2817 334 2878 thiasis
355 2821 466 2896 (neque
489 2819 568 2879 enim
590 2820 652 2880 leve
675 2836 785 2879 nomen
808 2819 955 2892 Amatae),

66 2903 201 2981 undique
223 2902 339 2963 collecti
361 2912 472 2965 coeunt
494 2903 677 2982 Martemque
700 2902 831 2979 fatigant.

66 2989 148 3050 ilicet
170 2986 325 3048 infandum
348 2987 450 3049 cuncti
472 2997 576 3049 contra
599 2988 698 3049 omina
720 2988 844 3059 hellum,

67 3081 173 3135 contra
195 3072 253 3132 lata
277 3073 366 3134 deum
387 3091 527 3151 perverso
551 3072 672 3133 numine
693 3081 829 3152 poscunt.

67 3157 203 3219 certatim
226 3157 305 3234 regis
328 3157 521 3219 circumstant
542 3166 618 3219 tecta
640 3157 753 3231 Latini;

66 3243 117 3304 ille
141 3241 219 3302 velut
241 3241 337 3320 pelagi
359 3260 450 3322 rupes
471 3243 591 3303 immota
613 3243 736 3314 resistit,

66 3336 102 3389 ut
124 3325 221 3407 pelagi
244 3343 334 3405 rupes
355 3345 463 3406 magno
486 3327 623 3388 veniente
644 3327 777 3406 fragore,

67 3430 146 3492 qnae
168 3427 233 3472 sese
255 3411 355 3472 multis
378 3412 491 3473 circum
513 3411 689 3473 latrantibus
711 3411 798 3471 undis

68 3497 148 3558 mole
171 3503 270 3572 tenet;
293 3496 407 3577 scopuli
430 3497 609 3575 nequiquam
633 3505 662 3556 et
683 3511 805 3573 spumea
828 3493 939 3551 circum

68 3600 139 3645 sana
163 3583 296 3641 fremunt
317 3580 462 3659 laterique
485 3581 569 3642 inlisa
592 3580 760 3641 refunditur
782 3577 854 3654 alga.

69 3693 276 3702 ..-—----—-.-—

158 3733 208 3784 562
225 3745 306 3797 cuper
317 3728 478 3782 hlllb¹llihh
532 3733 581 3782 571
601 3725 731 3779 leuuoitll
784 3717 960 3777 575‘otiosns’
975 3719 1039 3771 th.
1050 3719 1090 3772 Pr.
1104 3722 1135 3772 82

69 3803 120 3853 577
141 3799 231 3851 coedis
248 3801 359 3866 iniquae
371 3798 455 3850 Burm.
495 3815 515 3849 c.
535 3802 561 3847 et
578 3800 635 3862 ipae
652 3793 752 3847 Peerlk.
822 3793 870 3845 58⁸1
890 3789 973 3843 damn.
992 3788 1076 3840 Heins.
