2286 4394
76 199 136 257 164
447 195 474 250 P.
489 195 613 248 VERGlLl
631 195 777 250 maeonis

116 370 281 430 instaurant
303 367 404 447 epulas
427 375 457 428 et
479 385 598 429 mensae
620 376 701 445 grata
724 369 873 430 secundae

116 454 193 514 dona
216 453 316 513 lerunt
339 451 550 531 cumulantque
571 454 703 515 oneratis
725 453 862 517 lancibus
884 473 956 516 aras.

74 548 136 601 tum
159 537 227 599 Salii
250 538 286 598 ad
309 545 414 599 cantus
435 537 558 599 incensa
579 536 680 599 alteria
703 539 815 600 circum

74 622 210 704 populeis
232 622 340 684 adsunt
361 622 469 683 evincti
492 630 624 702 tempora
647 623 752 698 ramis,

76 707 123 768 hic
146 706 285 768 iuvenum
307 707 433 781 chorus,
455 706 504 767 illc
526 724 647 782 senum;
671 708 721 786 qui
744 709 875 770 carmine
898 707 993 770 laudes

76 792 236 854 Herculeas
258 800 288 853 et
310 792 385 852 lacta
408 792 524 866 lerunt,
548 800 581 853 ut
601 792 696 872 prima
720 811 863 854 novercae

77 885 209 940 monstra
231 894 320 938 manu
343 877 536 956 geminosque
559 894 698 955 premens
720 877 831 940 eliserit
852 879 969 959 anguis,

77 971 111 1024 ut
132 962 209 1024 bello
232 961 363 1043 egregias
385 961 460 1022 idem
484 960 631 1022 disiecerit
652 961 757 1035 urbes,

77 1047 256 1127 Troiamque
279 1045 522 1125 Oechaliamque,
545 1053 579 1106 nt
600 1045 691 1127 dqros
713 1046 791 1108 mille
815 1046 933 1110 labores

79 1151 148 1213 rege
170 1132 226 1194 sub
249 1131 414 1212 Eurystheo
437 1131 503 1193 latis
525 1129 648 1192 lunonis
670 1131 788 1210 iniquae

79 1217 243 1298 pertulerit.
283 1209 330 1276 ‘tu
354 1215 533 1295 nubigenas,
556 1215 679 1290 invicte,
702 1215 890 1291 bimembris,

80 1301 282 1381 Hylaeumque
304 1300 504 1380 Pholumque,
526 1317 632 1376 manu,
655 1308 688 1361 tu
710 1300 808 1362 Cresia
831 1310 941 1364 mactas

79 1385 212 1466 prodigia
233 1393 263 1445 et
285 1393 398 1446 vastum
420 1385 546 1446 Nemees
568 1384 623 1446 sub
648 1386 877 1465 rupeslennem3

80 1480 110 1531 te
132 1469 223 1550 Stygii
245 1477 393 1530 tremuere
415 1469 513 1543 lacus,
536 1477 565 1530 te
586 1469 696 1530 ianitor
717 1470 786 1532 Orci

81 1572 145 1616 ossa
168 1572 258 1634 super
281 1552 427 1616 recubans
448 1563 533 1615 antro
556 1573 669 1617 semesa
691 1563 832 1627 cruento,

81 1658 138 1700 nec
160 1647 189 1699 te
211 1639 287 1700 ullae
311 1638 415 1714 iacies,
440 1658 501 1700 non
525 1639 631 1700 terruit
644 1634 715 1720 'ipse
738 1639 897 1720 Typhoeus

81 1723 191 1785 arduus
213 1741 293 1784 arma
315 1732 439 1797 tenens;
462 1742 523 1785 non
547 1732 576 1785 te
597 1724 720 1786 notionis
742 1733 879 1803 egentem

82 1809 232 1870 Lernaeus
253 1807 339 1870 turba
361 1809 490 1888 capitum
511 1808 707 1870 circumstetit
728 1809 841 1888 anguis.

82 1895 174 1966 salve,
196 1911 265 1955 vera
288 1893 362 1955 lovis
384 1893 499 1974 proles,
521 1893 612 1956 decus
634 1893 731 1954 addite
754 1893 843 1968 divis,

83 1988 113 2041 et
134 1998 190 2041 nos
212 1987 241 2040 et
262 1987 312 2040 tua
334 1978 436 2040 dexter
459 1978 505 2039 adi
527 1979 601 2059 pede
623 1997 707 2040 secra
729 1974 884 2041 secundo)

82 2064 149 2126 talia
173 2063 353 2126 carminibus
374 2062 538 2137 celebrent,
561 2081 652 2143 super
674 2063 773 2124 omnia
795 2063 863 2125 Caci

83 2149 255 2230 speluncam
278 2148 409 2210 adiciunt
431 2148 652 2228 spirantemque
674 2147 793 2228 ignibus
814 2149 920 2229 ipsum.

84 2242 229 2295 consonat
252 2252 340 2294 omne
364 2252 467 2295 nemus
488 2231 614 2313 strepitu
635 2233 785 2312 collesque
808 2233 962 2294 resultant.

169 2318 243 2378 Exin
267 2337 299 2379 se
321 2319 421 2379 cuncti
444 2318 549 2380 divinis
572 2316 717 2380 rebusad
739 2317 843 2379 urbem

85 2403 223 2483 perlectis
246 2404 388 2463 relernnt.
433 2401 493 2463 ibet
514 2421 566 2463 rex
589 2402 702 2464 obsitus
723 2421 793 2464 aevo

85 2496 115 2548 et
137 2487 273 2547 comitem
297 2488 414 2548 Aenean
438 2487 517 2547 iuxta
540 2496 702 2567 natumque
723 2486 845 2549 tenebat

86 2572 256 2652 ingrediens
279 2572 417 2651 varioque
439 2572 513 2632 viam
536 2591 672 2634 sermone
696 2572 816 2635 levabat.

86 2657 209 2717 miratur
230 2657 380 2737 facilisque
403 2658 504 2719 oculos
527 2658 584 2719 lert
605 2657 705 2720 omnia
726 2657 838 2719 circum

88 2743 201 2804 deneas
223 2742 397 2822 capiturque
420 2743 492 2805 locis
514 2751 543 2804 et
564 2743 679 2822 singula
702 2743 795 2804 laetus

87 2828 272 2908 exquiritque
293 2828 432 2908 auditque
454 2829 548 2889 virum
571 2835 762 2889 monumenta
783 2827 928 2908 priorum.

87 2923 150 2975 tum
173 2931 225 2973 rex
248 2912 404 2976 Euandrus
426 2914 574 2975 Romanae
597 2912 735 2974 conditor
756 2913 847 2974 arcis:

84 2995 174 3059 ‘haec
198 3016 319 3058 nemora
341 2999 497 3078 indigenae
520 2998 600 3059 launi
624 2999 829 3079 nymphaeque
851 2994 994 3057 tenebant

88 3100 219 3160 gensque
242 3082 336 3142 virum
357 3084 471 3144 truncis
493 3091 523 3143 et
543 3083 618 3144 duro
641 3082 749 3144 robore
773 3091 854 3156 nata,

90 3167 155 3247 quis
178 3184 275 3244 neque
299 3184 362 3228 mos
386 3184 483 3246 neque
505 3167 601 3229 cultus
623 3176 700 3243 erat;
725 3187 780 3229 nec
801 3168 926 3247 iungere
949 3174 1051 3227 tauros

89 3260 140 3312 aut
161 3269 342 3330 componere
365 3268 435 3330 opes
459 3259 568 3312 norant
590 3261 640 3314 aut
662 3271 784 3333 parcere
806 3260 906 3333 parto,

90 3337 141 3398 sed
164 3335 237 3396 remi
260 3343 348 3415 atque
370 3353 456 3416 asper
478 3336 556 3398 victu
578 3346 700 3400 renatus
722 3338 826 3399 alebat.

91 3421 205 3504 primus
228 3421 263 3482 eb
285 3421 415 3481 aetherio
438 3421 518 3483 venit
533 3421 685 3485 Saturnus
707 3423 832 3504 Olympo

92 3525 171 3568 arma
194 3506 269 3568 loris
292 3506 407 3586 lugiens
429 3516 459 3568 et
482 3507 581 3587 regnis
604 3507 686 3569 exsul
709 3508 861 3587 ademptis.

93 3594 117 3655 is
140 3611 233 3671 genius
255 3590 382 3653 indocile
405 3611 438 3653 ac
461 3592 625 3673 dispersum
649 3593 799 3654 montibus
822 3593 886 3654 altis

180 3745 255 3811 tuest
274 3743 299 3794 io
318 3742 430 3808 margine
448 3741 480 3794 ed
494 3745 543 3794 tte
562 3742 693 3810 oppositos
713 3742 792 3794 brisce
810 3756 879 3794 cens.
896 3739 992 3808 lleyne,
1010 3738 1061 3790 secl

95 3811 143 3861 29¹1
162 3814 269 3859 camoena
288 3809 347 3861 Led.
382 3826 493 3860 semesae
513 3810 628 3866 P‘Rtru.
699 3810 809 3876 teuleuu
828 3812 886 3875 post
899 3811 948 3862 295
964 3812 1064 3874 transpc

96 3875 135 3928 lll.
155 3878 228 3938 lecu,
247 3878 270 3927 8.
357 3879 403 3928 301
425 3877 488 3926 dem
506 3877 561 3929 cod.
581 3878 694 3929 Parrhas.
713 3882 739 3929 et
759 3876 840 3928 Bentt.
