2286 4394
75 188 137 249 260
442 187 471 241 P.
485 186 612 240 vasum
628 185 777 241 mauors

75 365 137 443 ipse
159 361 333 434 suaseras,
356 380 408 422 sua
430 379 570 434 munera,
593 359 687 422 laetus
709 359 816 440 Apollo

75 446 230 527 augurium
253 446 453 525 citharamque
475 445 562 507 dabat
583 445 749 524 celerisque
770 447 908 527 sagittas;

75 532 138 607 ille,
162 541 196 594 ut
217 531 344 612 depositi
365 533 513 610 proferret
534 531 591 590 lata
613 530 758 610 parentis,

75 617 151 680 scire
173 624 334 698 potestates
355 615 515 677 herbarum
538 633 685 694 usumque
708 615 848 678 medendi

76 701 179 764 maluit
200 710 230 764 ct
252 711 348 767 mutas
370 702 480 781 agitare
503 700 646 780 inglorius
668 700 748 763 artis.

76 788 171 850 stabat
193 787 298 850 acerba
322 789 451 849 tremens
473 786 625 865 ingentem
648 786 735 847 niam
758 785 788 846 in
812 786 927 848 hastam

77 874 193 936 Aeneas
214 891 322 953 magno
345 873 484 934 iuvenum
507 879 536 932 et
557 871 716 932 maerentis
737 870 793 933 Iuli

79 977 246 1032 concursu,
269 957 397 1020 lacrimis
419 955 585 1018 immobilis.
629 955 678 1017 ille
699 964 812 1017 retorto

79 1044 240 1107 Paeonium
264 1044 294 1104 in
317 1060 430 1104 morem
452 1042 551 1104 senior
572 1040 743 1102 succinctus
764 1041 876 1103 amictu

79 1130 171 1192 multa
192 1148 283 1190 manu
306 1128 416 1190 medica
440 1126 611 1205 Phoebique
632 1125 805 1207 potentibus
828 1127 929 1190 herbis

80 1215 260 1293 nequiquam
282 1212 423 1292 trepidat,
447 1212 627 1292 nequiquam
648 1211 761 1292 spicula
784 1212 887 1274 dextra

79 1299 217 1360 sollicitat
239 1306 419 1379 prensatque
442 1297 538 1358 tenaci
561 1296 675 1377 forcipe
697 1297 819 1358 ferrum.

80 1383 160 1443 nulla
185 1383 257 1443 viam
280 1381 413 1442 Fortuna
435 1381 527 1460 regit,
552 1382 626 1442 nihil
646 1390 751 1443 auctor
772 1381 878 1462 Apollo

80 1467 233 1541 subvenit,
256 1474 285 1527 et
307 1484 409 1527 saevus
431 1466 542 1546 campis
564 1467 658 1546 magis
680 1485 714 1529 ac
736 1466 829 1547 magis
850 1467 960 1528 horror

80 1551 241 1614 crebrescit
261 1552 444 1632 propiusque
466 1552 577 1613 mdurn
600 1561 654 1614 est.
699 1553 756 1613 iarn
778 1552 901 1632 pulvere
922 1551 1036 1614 caelum

80 1646 158 1699 stare
180 1638 293 1699 vident:
322 1635 453 1699 subeunt
474 1637 590 1717 equites
611 1645 641 1698 et
662 1636 774 1718 spicula
795 1637 900 1699 castris

81 1723 172 1784 densa
195 1724 304 1785 cadunt
325 1722 437 1785 mediis.
481 1723 504 1783 it
525 1722 617 1784 tristis
639 1723 676 1784 ad
698 1723 816 1784 aethera
839 1721 953 1784 clamor

82 1807 245 1871 bellantum
266 1809 406 1870 iuvenum
429 1817 459 1868 et
480 1808 556 1869 duro
579 1806 634 1869 sub
657 1806 749 1868 blarte
772 1806 943 1870 cadentum.

167 1893 222 1955 llic
244 1894 344 1955 Venus
364 1893 485 1972 indigno
510 1892 570 1954 nati
592 1910 737 1954 concussa
759 1891 862 1954 dolore

84 1978 265 2042 dictamnum
287 1979 421 2060 genetrix
444 1977 564 2039 Cretaea
587 1978 681 2057 carpit
703 1976 739 2039 ab
761 1977 828 2051 lda,

83 2064 247 2143 puberibus
268 2064 382 2125 caulem
404 2063 481 2124 loliis
503 2072 533 2125 et
554 2062 628 2124 hore
649 2071 816 2124 comantem

83 2167 236 2229 purpureo
244 2167 253 2224 ;
282 2169 342 2210 non
366 2149 413 2210 illa
436 2149 506 2210 ieris
528 2148 678 2226 incognita
702 2148 798 2228 capris

84 2235 232 2312 gramina,
255 2252 322 2295 cum
345 2244 427 2314 tergo
449 2234 584 2295 volucres
606 2232 727 2294 haesere
749 2233 879 2312 sagittae.

84 2318 141 2380 hoc
164 2319 264 2380 Venus
286 2319 412 2381 obscuro
435 2319 538 2380 faciem
563 2317 741 2380 circumdata
763 2318 865 2379 nimbo

85 2404 201 2478 detulit,
224 2405 281 2464 hoc
304 2405 400 2465 iusum
423 2404 512 2466 labris
535 2404 760 2484 splendentibus
782 2422 899 2465 amnem

86 2487 178 2548 inlicit
200 2488 315 2548 occulte
337 2488 486 2550 medicans
508 2489 678 2568 spargitque
700 2489 825 2551 salubris

86 2570 256 2633 Ambrosiae
279 2592 366 2633 sucos
388 2581 417 2633 et
439 2573 616 2635 odoriferam
638 2592 807 2652 panaceam.

86 2656 157 2717 fovit
179 2676 212 2718 ea
234 2657 340 2718 volnus
362 2657 479 2738 lympha
501 2659 661 2740 longaevus
684 2659 772 2739 lapyx

87 2742 228 2821 ignorans
250 2743 408 2822 subitoque
431 2745 527 2806 omnis
551 2746 585 2807 de
608 2763 734 2823 corpore
756 2745 831 2824 fugit

88 2828 196 2909 quippe
219 2830 320 2903 dolor,
344 2829 440 2892 omnis
462 2831 540 2892 stetit
563 2831 621 2891 imo
644 2830 764 2891 volnere
786 2829 915 2909 sanguis.

87 2914 204 2995 iamque
226 2924 324 2977 secuta
347 2934 466 2977 manum
490 2916 571 2978 nullo
595 2924 720 2994 cogente
743 2916 847 2996 sagitta

88 3001 195 3061 excidit
217 3010 305 3079 atque
328 3020 419 3062 novae
442 3002 556 3062 rediere
578 3000 608 3061 in
631 2999 756 3081 pristina
778 3001 864 3062 vires.

85 3077 177 3143 ‘arma
201 3084 250 3145 citi
273 3095 431 3165 properate
452 3087 530 3147 virol
560 3086 629 3165 quid
653 3077 771 3147 statisl'
803 3085 893 3165 lapyx

89 3168 253 3229 conclamat
274 3170 447 3249 primusque
469 3171 582 3231 animos
603 3170 739 3232 accendit
761 3171 791 3231 in
814 3170 944 3244 hostem;

85 3245 160 3312 ‘non
183 3252 256 3314 haec
277 3254 415 3316 humanis
439 3254 559 3335 opibus,
583 3274 644 3316 non
668 3264 731 3316 arte
753 3255 890 3334 magistra

87 3338 267 3417 proveniunt
289 3358 386 3419 neque
409 3349 453 3413 te,
476 3342 589 3414 Aenea,
610 3358 676 3401 mea
699 3341 819 3402 dextera
841 3347 951 3401 servat:

935 3419 944 3444 J

922 3470 929 3485 ο

89 3423 181 3484 maior
203 3425 263 3503 agit
285 3425 358 3486 deus
379 3434 468 3505 atque
492 3444 582 3507 opera
605 3427 640 3487 ad
662 3426 774 3487 maiora
796 3425 920 3488 remittit

90 3507 137 3569 ille
160 3510 259 3572 avidus
282 3529 399 3590 pugnae
422 3530 505 3573 suras
527 3512 687 3574 incluserat
709 3530 781 3573 auro

174 3661 225 3712 394
243 3661 317 3711 dedit
332 3660 369 3721 Μ;
393 3660 425 3713 cl.
444 3660 515 3713 Serv.
551 3663 613 3713 dedi
628 3662 657 3733 y'
745 3663 794 3714 398
812 3658 928 3724 fieudh
1016 3660 1065 3711 404

89 3725 192 3777 numP
227 3729 389 3779 Paeoaidum
407 3726 433 3779 Μ
502 3731 551 3783 408
568 3733 732 3796 subeuntque
749 3728 785 3780 Rc
861 3732 910 3782 417
927 3727 1072 3794 plcndenta‘t

85 3795 266 3854 pendentium
284 3796 347 3862 Ra¹‚
366 3796 417 3849 dei.
437 3795 536 3849 Schrot
556 3800 629 3862 1888,
648 3801 688 3852 ta.
797 3799 846 3850 422
865 3800 919 3847 imo
937 3800 966 3846 in
983 3812 1009 3848 u.
1028 3792 1072 3845 P²1

89 3858 138 3910 423
156 3876 251 3914 manua
268 3861 329 3935 P¹y¹
363 3880 445 3915 manu
463 3863 564 3934 utP¹7¹
