2286 4394
312 228 473 283 asquinus
490 229 549 283 ΗΒ.
566 230 595 283 11.

38 417 73 460 ro
96 399 251 461 manifesta
273 400 346 463 fides
367 401 559 480 Danaumque
582 412 739 482 patescunt

38 507 51 545 ι.
96 484 154 544 iam
178 484 322 564 Deiphobi
345 485 425 547 dedit
446 487 539 566 ampia
562 486 678 547 ruinam

38 589 49 628 a
71 578 231 650 superante
253 569 373 644 domus,
395 571 452 631 iam
474 571 626 651 proximus
647 572 731 633 ardet

38 673 85 729 ›n;
109 655 195 734 Sigea
218 654 279 734 igni
302 657 375 718 treta
396 655 453 716 iata
475 657 618 718 relucent

38 759 49 799 r
71 739 241 818 clamorque
264 740 358 802 virum
380 741 560 820 clangorque
584 742 729 803 tubarum.

38 842 123 885 mens
146 824 247 903 capio,
270 844 327 887 nec
349 834 394 887 sat
414 826 537 888 rationis
559 827 589 888 in
612 827 717 901 armis;

40 927 157 971 merare
179 926 299 971 manum
322 909 398 971 hello
421 920 450 972 et
471 929 651 973 concurrere
675 913 705 973 in
728 929 826 974 arcem
948 924 991 976 att

38 995 98 1056 coiis
121 994 226 1056 ardent
247 995 353 1058 animi:
375 997 460 1056 furor
481 997 583 1075 iraque
605 1005 735 1058 mentem

39 1079 115 1140 itant
137 1079 354 1159 pulchrumque
375 1080 451 1141 mori
474 1082 620 1143 succurrit
643 1083 671 1143 in
696 1083 794 1144 armis.

38 1183 81 1225 :ce
104 1174 202 1226 autem
226 1165 290 1227 telis
314 1166 445 1226 Panthus
467 1166 583 1246 elapsus
606 1167 761 1241 Achivom,

38 1270 49 1310 s
72 1249 251 1329 Othryades,
272 1251 349 1312 arcis
370 1250 542 1330 Phoebique
563 1252 719 1327 sacerdos,

38 1353 110 1395 nanu
131 1335 282 1414 victosque
304 1337 375 1397 daos
397 1353 579 1416 parvumque
602 1347 742 1417 nepotem
945 1349 988 1402 tt]

37 1420 93 1480 abit
117 1437 265 1498 cursuque
287 1438 390 1482 amens
411 1422 447 1481 ad
469 1422 570 1482 iimina
592 1423 696 1484 tendit.

37 1525 57 1565 as
78 1521 192 1566 summa
215 1504 297 1578 loco,
321 1503 458 1567 Panthu?
480 1525 568 1586 quam
591 1507 766 1587 prendimus
787 1505 923 1571 arcemi'

40 1591 118 1650 satus
140 1607 235 1662 eram,
258 1590 369 1668 gemitu
391 1609 459 1652 cum
480 1593 546 1653 talia
570 1593 681 1654 reddit:

37 1692 141 1734 summa
164 1674 226 1736 dies
247 1684 277 1736 et
299 1675 487 1738 ineluctabile
509 1686 626 1757 tempus

37 1761 88 1820 iae.
133 1759 242 1821 inimus
263 1760 371 1833 Troes,
394 1761 449 1822 iuit
470 1762 555 1823 ilium
578 1772 608 1823 et
629 1763 736 1841 ingens

37 1845 230 1921 Peucrorum3
253 1847 334 1907 ierus
356 1847 455 1906 omnia
477 1847 609 1927 iuppiter
631 1850 725 1928 Argos

37 1930 80 2002 ¹it;
104 1929 224 1991 incensa
248 1930 340 1992 Danai
362 1931 553 1993 dominantur
574 1933 604 1993 in
628 1933 712 1994 urbe.

46 2023 174 2075 armatos
196 2015 299 2077 mediis
321 2017 351 2077 in
375 2016 531 2079 moenibus
553 2018 671 2079 adstans

37 2119 129 2179 equus
152 2099 303 2179 victorque
326 2101 420 2163 Sinon
443 2102 580 2163 incendia
602 2103 706 2164 miscet

37 2205 69 2245 is.
114 2185 209 2263 portis
231 2185 279 2246 alii
301 2186 502 2266 bipatentibus
524 2189 645 2258 adsunt,

37 2278 89 2330 uot
111 2270 225 2350 magnis
247 2289 386 2350 umquam
409 2291 517 2333 venere
538 2273 677 2353 Mycenis.

37 2355 99 2416 iere
121 2356 168 2416 aiii
192 2355 256 2417 telis
278 2366 402 2436 angusta
423 2358 535 2418 viarum

37 2440 117 2512 sitis3
140 2449 197 2502 stat
218 2441 289 2502 ferri
312 2442 389 2504 acies
411 2461 555 2503 mucrone
577 2460 701 2504 corusco

40 2543 75 2597 a,
97 2534 198 2605 parata
220 2527 303 2602 neci;
325 2527 372 2587 vix
394 2528 482 2606 primi
504 2527 615 2606 proelia
638 2535 784 2605 temptant

37 2628 108 2671 trum
131 2610 232 2689 vigiles
255 2621 285 2672 et
306 2631 395 2673 caeco
419 2613 509 2673 Marte
532 2608 692 2674 resistunt?

41 2695 208 2775 Othryadae
230 2695 315 2758 dictis
338 2706 367 2757 et
390 2698 512 2757 numine
534 2697 630 2759 divom

37 2798 98 2841 mas
120 2791 150 2841 et
171 2780 202 2841 in
226 2800 305 2842 arma
327 2783 422 2855 seror,
445 2801 504 2860 quo
527 2783 619 2843 tristis
641 2781 765 2861 Erinys

40 2865 128 2926 mitus
150 2875 235 2927 vocat
256 2877 286 2928 et
308 2866 441 2929 sublatus
463 2868 499 2927 ad
522 2869 639 2928 aethera
661 2866 781 2928 clamor.

45 2969 77 3010 se
100 2950 196 3012 socios
219 2951 350 3031 Rhipeus
371 2961 401 3013 et
422 2953 565 3014 maximus
588 2951 676 3012 armis

46 3035 136 3096 oblati
158 3055 212 3115 per
233 3036 333 3097 lunam
358 3037 547 3118 Hypanisque
570 3037 736 3117 Dymasque

36 3120 46 3180 i
69 3120 272 3199 adglomerant
294 3130 397 3183 nostro
420 3123 591 3201 iuvenisque
614 3121 765 3183 Coroebus

41 3205 111 3266 ides.
155 3206 212 3268 illis
234 3207 269 3267 ad
293 3207 410 3269 Troiam
432 3209 509 3268 sorte
531 3207 635 3269 diebus

53 3290 157 3352 insano
181 3292 360 3353 Cassandrae
383 3294 523 3354 incensus
545 3310 644 3353 amoro

38 3394 53 3435 r
75 3376 216 3438 auxilium
239 3377 354 3438 Priamo
378 3378 602 3458 Phrygibusque
625 3377 751 3451 ferebat,

50 3460 101 3539 qui
126 3480 186 3522 non
209 3481 335 3541 sponsae
358 3472 515 3542 praccepta
537 3464 664 3524 furentis

36 3701 41 3748 1
63 3696 358 3762 VotconempcrontoP
377 3714 449 3763 wop.
468 3712 492 3762 a,
510 3697 568 3750 inde
585 3713 670 3763 comp.
685 3696 757 3747 Ribh.
827 3696 876 3748 322
895 3697 984 3760 quum]

36 3780 65 3816 m.
84 3769 111 3816 et
126 3763 238 3816 Schenkl
250 3763 316 3817 zob.
332 3768 405 3828 1870,
419 3768 477 3818 386.
513 3768 579 3831 quin
591 3765 691 3818 Peerik.
707 3768 734 3815 et
745 3761 837 3814 Meiser
854 3760 894 3816 JJ.
911 3764 984 3827 1814,

36 3848 113 3899 quam
125 3831 172 3885 dv.
189 3835 331 3898 1818180.
394 3837 440 3886 831
461 3833 630 3885 damnssrns.
693 3834 742 3884 332
761 3828 820 3897 olii]
839 3832 897 3882 orti
908 3828 985 3884 ator.

36 3903 119 3954 ,1879
137 3900 158 3952 ll
178 3903 234 3953 141.
269 3902 312 3951 itti
325 3900 372 3966 dt,
384 3909 520 3968 postquam
536 3904 609 3966 1819,
623 3906 638 3954 5
651 3915 716 3952 vers.
730 3899 814 3953 damn.
870 3899 920 3952 338
938 3915 983 3967 op-
