2286 4394
240 221 402 276 nunninus
419 222 478 276 ΠΒ.
494 222 536 276 tu.

37 394 161 455 nimium
182 394 265 466 felix,
288 393 311 455 si
336 393 422 455 litora
442 402 558 455 tantum

37 479 194 540 Dardaniae
216 480 383 559 tetigissent
404 489 504 541 nostra
528 474 672 540 carinaei’

49 565 192 642 impressa
214 571 280 624 toro
300 557 478 625 ‘moriemur
497 564 624 638 inultae,

37 645 95 709 rur'
122 649 171 708 ait.
212 643 285 720 ‘sic,
308 649 351 709 sio
372 649 451 709 iuvat
471 649 515 709 ire
536 649 592 711 sub
617 649 745 712 umbras.

37 752 64 794 rc
88 733 182 794 oculis
202 732 302 812 ignem
324 732 452 795 crudelis
474 733 511 793 ab
534 734 591 794 alto

37 827 52 878 t
75 827 194 885 nostrae
216 837 317 879 secum
340 819 415 879 ierat
436 818 534 880 omina
555 808 676 879 mortis?

39 913 65 978 t;
88 911 178 981 atque
199 902 276 963 illam
300 903 395 964 media
417 903 495 964 iuter
517 903 584 964 talin
606 904 685 963 lcrro

37 988 185 1067 aspiciunt
207 988 330 1049 comites
352 1006 512 1067 ensemque
534 1005 642 1048 cruore

55 1091 230 1152 sparsasque
253 1091 369 1134 manus.
412 1073 435 1133 it
457 1072 567 1134 clamor
588 1074 624 1133 ad
647 1071 703 1133 alta

37 1176 132 1218 ussam
154 1157 313 1218 bacchatur
335 1157 423 1218 Fama
446 1176 499 1236 per
521 1157 636 1218 urbem.

41 1242 175 1320 mituquo
197 1251 227 1302 et
247 1242 374 1302 femineo
398 1242 510 1303 ululatu

37 1335 90 1400 nt,
113 1335 234 1387 resonat
255 1327 370 1405 magnis
391 1326 585 1405 plangoribus
608 1325 722 1399 aether,

54 1429 140 1490 quam
163 1411 187 1472 si
210 1411 350 1472 immissis
372 1420 438 1471 ruat
459 1410 594 1472 hostibus
617 1410 715 1471 omnis

37 1505 66 1555 nt
87 1495 208 1574 antiqua
231 1496 325 1576 Tyros
347 1496 540 1574 flammaeque
562 1497 697 1556 furentes

37 1599 108 1658 rque
131 1581 284 1641 hominum
306 1581 461 1641 volvantur
482 1598 595 1660 perque
617 1580 751 1640 deorum.

37 1666 100 1725 imis
122 1666 297 1747 trepidoque
319 1665 457 1726 exterrita
480 1683 568 1726 cursu

36 1769 68 1809 ra
89 1767 178 1810 soror
199 1750 322 1810 loedans
346 1758 375 1810 et
396 1759 517 1829 pectora
539 1749 647 1828 pugnis

55 1835 115 1895 ruit
138 1853 170 1895 ao
193 1835 370 1896 morientem
394 1835 515 1895 nomine
538 1834 657 1894 clamat:

43 1937 197 1997 germana,
220 1917 297 1980 luit?
320 1939 367 1980 mc
389 1919 493 1980 fraude
515 1915 657 1998 petebas?

37 2005 89 2065 iste
112 2005 200 2077 mibi,
224 2005 280 2065 hoc
302 2005 387 2082 ignes
409 2021 535 2082 araeque
557 1999 723 2082 parabant?

37 2109 65 2149 m
87 2090 201 2150 deserta
225 2087 354 2167 querar?
376 2089 554 2150 comitemne
577 2104 710 2148 sororem

37 2171 153 2234 triens?
176 2173 277 2234 eadem
300 2192 346 2234 me
369 2172 404 2233 ad
428 2173 484 2234 lata
506 2190 656 2234 vocasses:

37 2281 41 2319 v
64 2260 143 2319 ierro
165 2257 250 2319 dolor
272 2269 360 2337 atque
383 2258 484 2318 eadem
507 2258 579 2317 hora
601 2256 724 2317 tulisset.

37 2343 112 2404 truxi
134 2342 271 2403 manibus
293 2342 465 2422 patriosque
487 2341 585 2402 vocavi

45 2429 87 2489 sio
109 2437 139 2488 te
161 2436 194 2487 ut
216 2429 311 2506 posita
334 2426 461 2487 crudelis
482 2425 630 2487 abesseml

51 2530 174 2590 meque,
197 2531 297 2588 soror,
319 2511 523 2592 populumque
545 2519 704 2590 patresque

37 2599 165 2675 bamque
186 2606 278 2658 tuam.
300 2631 342 2642 -
365 2597 446 2670 date,
465 2595 587 2656 volnera
609 2592 735 2673 lymphis

46 2693 195 2744 extremus
217 2683 241 2743 si
264 2682 330 2761 quis
352 2699 443 2760 super
464 2679 570 2741 balitus
593 2686 687 2752 errat,

71 2768 113 2829 sio
135 2768 192 2827 lata
214 2767 322 2845 gradus
345 2773 475 2827 evaserat
496 2764 571 2825 altos

37 2871 99 2931 que
122 2852 189 2913 sinu
212 2869 384 2930 germanam
407 2850 540 2930 amplexa
563 2847 679 2908 lovebat

37 2991 38 2996 ,
61 2947 150 3015 atque
173 2945 253 2998 atros
275 2935 402 2997 siccabat
422 2942 503 2995 vesto
526 2950 658 2994 cruores.

37 3022 129 3083 vculos
152 3030 256 3082 conata
279 3020 413 3082 attollere
434 3036 539 3080 rursus

37 3125 97 3167 rum
120 3106 217 3167 stridit
239 3105 294 3167 sub
317 3113 438 3184 pectore
459 3102 574 3164 volnus.

37 3192 128 3252 nllens
150 3191 310 3269 cubitoque
333 3190 438 3250 adnixa
459 3187 581 3259 levavit,

58 3286 123 3337 toro
147 3284 191 3336 est
214 3275 367 3353 oculisque
390 3271 558 3334 errantibus
582 3269 640 3330 alto

37 3361 81 3422 elo
104 3361 201 3420 lucem
223 3359 426 3438 ingemuitque
447 3364 576 3436 reperta.

36 3465 95 3507 uno
120 3445 310 3523 omnipotens
332 3443 454 3521 longum
476 3441 614 3501 miserata
637 3437 768 3498 dolorem

47 3530 145 3592 obitus
167 3529 237 3590 lrim
260 3528 378 3589 demisit
400 3527 541 3606 Olympo,

37 3626 95 3676 tem
118 3615 246 3675 animam
269 3630 421 3691 nexosque
442 3611 602 3673 resolveret
624 3613 714 3667 artus.
870 3611 913 3661 ⁰95

37 3720 76 3761 eo
99 3702 158 3760 lato
181 3699 286 3760 merita
309 3716 364 3758 neo
386 3705 481 3758 morte
503 3694 637 3775 peribat,

37 3901 78 3935 nm
96 3881 245 3935 nostrooltl
334 3882 380 3933 681
395 3879 480 3961 Q
494 3874 627 3930 commatis
645 3867 836 4008 snepsgtfebb.
