2286 4394
73 155 136 215 212
436 154 466 210 P.
477 154 605 209 Venelli
624 155 773 212 HABONIS

74 341 104 392 te
126 345 249 409 precor,
272 325 389 396 Alcide,
414 328 527 407 coeptis
549 328 722 408 ingentibus
742 331 831 394 adsis.

74 421 176 476 cernat
197 411 339 474 semineci
361 412 417 473 sibi
440 431 488 474 me
510 430 614 493 rapere
635 432 718 475 arma
741 426 866 478 cruente

74 500 274 576 victoremque
295 497 393 558 ferant
415 498 569 560 morientia
591 498 703 560 lumina
725 497 842 563 'lurni’

74 582 166 645 audiit
187 581 303 644 Alcides
325 582 461 644 iuvenem
482 600 685 664 magnumque
706 584 762 647 sub
784 585 846 648 imo

76 667 166 730 eorde
187 667 296 748 premit
316 667 459 745 gemitum
480 667 674 748 lacrimasque
697 670 826 732 effundit
848 672 954 734 inanis.
976 718 1002 733 ..

76 763 139 815 tum
161 753 279 832 genitor
301 761 403 814 natum
426 752 512 814 dictis
532 752 648 815 adlatur
669 753 785 816 amicis:

73 833 144 901 ‘stat
166 858 218 901 sua
240 837 348 916 cuique
370 838 449 911 dies,
472 837 560 899 breve
583 846 614 900 et
635 839 835 919 inreparabile
857 849 974 922 tempus

79 924 219 987 omnihus
240 931 286 985 est
306 923 395 997 vitae;
418 921 470 985 sed
492 924 598 984 lamam
621 925 781 986 extendere
802 925 905 1000 lactis,

78 1012 135 1072 hoc
157 1009 272 1072 virtmis
294 1026 379 1088 opus.
423 1007 530 1070 'l'roiae
552 1007 607 1070 sub
629 1009 787 1071 moenibus
808 1010 877 1074 altis

78 1103 122 1157 tot
143 1096 225 1174 gnati
248 1093 380 1155 cecidere
402 1094 507 1165 deum,
530 1093 601 1174 quin
625 1094 733 1156 occidit
755 1112 815 1156 una

79 1179 249 1259 Sarpedon,
272 1196 337 1238 mea
359 1179 526 1257 progenies.
570 1179 656 1240 etiam
677 1197 732 1241 sua
753 1178 892 1242 'l'urnnm

79 1265 136 1324 lata
158 1273 265 1325 vocant
287 1271 438 1340 metasque
460 1264 518 1324 dati
540 1264 675 1342 pervenit
696 1262 732 1325 ad
753 1259 839 1326 aevi'

79 1349 121 1409 sic
143 1349 184 1409 ait
205 1357 293 1426 atque
316 1346 417 1407 oculos
439 1347 617 1410 Rutulorum
640 1348 832 1410 reicit-arvis.

164 1433 202 1494 At
224 1431 318 1493 Pallas
339 1431 453 1510 magnis
475 1433 582 1493 emittit
602 1433 713 1495 viribus
735 1433 846 1496 hastam

80 1516 242 1597 vaginaque
265 1535 333 1577 cava
355 1515 518 1595 fulgentem
541 1518 642 1598 diripit
663 1536 774 1581 ensem.

80 1602 127 1663 illa
151 1602 267 1676 volans,
290 1601 386 1662 umeri
408 1612 537 1681 surgunt
557 1621 617 1682 qua
637 1602 767 1683 tegmina
789 1623 923 1680 summa,

82 1688 184 1749 incidit
207 1696 295 1767 atque
317 1688 391 1748 viam
414 1686 501 1767 clipei
523 1688 623 1749 molita
645 1706 698 1768 per
721 1706 790 1751 oras

80 1774 199 1836 tandem
222 1773 309 1835 etiam
331 1791 439 1852 magno
462 1773 580 1835 strinxit
601 1773 638 1834 de
659 1792 788 1853 corpore
808 1773 915 1836 Turni.

81 1859 130 1920 hic
152 1859 272 1921 Turnus
293 1861 373 1919 lerro
396 1859 559 1938 praefixum
580 1857 675 1920 robur
695 1868 782 1920 acnto

82 1944 112 2004 in
136 1944 267 2006 Pallanta
290 1944 340 2005 diu
362 1943 475 2005 librans
495 1944 564 2004 iacit
585 1953 674 2022 atque
696 1943 736 2005 ita
759 1944 852 2006 latur:

80 2021 206 2110 ‘aspice,
230 2048 302 2091 num
323 2047 407 2108 mage
430 2028 468 2090 sit
490 2037 624 2091 nostrum
647 2028 830 2108 penetrabile
853 2022 973 2094 telum.¹

84 2114 212 2191 dixerat,
234 2124 263 2176 at
285 2114 429 2194 clipeum,
451 2121 496 2175 tot
517 2113 589 2175 ferri
610 2122 706 2194 terga,
729 2121 774 2176 tot
795 2115 884 2190 aeris,

85 2219 174 2280 quem
197 2200 281 2280 pellis
303 2201 412 2261 totiens
435 2198 523 2261 obeat
544 2199 723 2260 circumdata
744 2200 838 2271 tauri,

83 2285 210 2346 vibranti
235 2284 334 2363 cuspis
356 2284 486 2345 medium
509 2283 727 2346 transverberat
749 2284 809 2346 ictu

83 2370 251 2447 loricaeque
274 2387 372 2429 moras
394 2378 424 2428 et
445 2380 549 2449 pectus
570 2371 702 2449 perforat
723 2370 838 2448 ingens.

83 2454 131 2515 ille
154 2455 230 2532 rapit
252 2453 377 2513 calidum
399 2452 509 2513 frustra
532 2453 569 2513 de
591 2455 711 2516 volnere
732 2455 840 2516 telum:

85 2557 143 2600 una
166 2538 327 2615 eademque
350 2538 393 2598 via
415 2538 537 2615 sanguis
558 2540 733 2619 animusque
755 2549 932 2619 sequuntur.

84 2624 198 2685 corruit
220 2624 250 2684 in
273 2623 379 2684 volnus
401 2623 543 2699 (sonitum
567 2643 657 2704 super
679 2643 759 2686 arma
783 2624 902 2700 dedere)

85 2720 114 2770 et
135 2719 245 2771 terram
267 2709 405 2770 hostilem
427 2709 559 2771 moriens
581 2711 654 2789 petit
677 2729 728 2771 ore
750 2719 885 2771 cruento.

85 2814 173 2874 quem
196 2796 316 2856 Turnus
337 2813 426 2876 super
448 2794 605 2857 adsistens:

81 2875 239 2956 ‘Arcades,
262 2876 344 2942 haec'
366 2881 464 2961 inquit
482 2874 642 2942 ‘memores
663 2898 728 2941 mea
750 2879 827 2940 dicta
850 2880 960 2941 referte

84 2965 240 3028 Euandro:
265 2967 381 3044 qualem
405 2967 530 3039 meruit,
552 2966 682 3027 Pallanta
704 2965 832 3026 remitto.

85 3051 220 3129 quisquis
241 3052 338 3111 honos
360 3050 482 3123 tumuli,
505 3051 646 3130 quidquid
669 3050 799 3112 solamen
824 3050 966 3112 humandi
990 3060 1050 3121 est,

84 3135 202 3213 largior.
247 3135 324 3196 haud
348 3135 388 3194 illi
411 3135 533 3196 stabunt
554 3136 663 3198 Aeneia
685 3155 775 3216 parvo

84 3217 232 3298 hospitia.'
280 3229 309 3279 et
331 3218 410 3281 laevo
435 3221 544 3299 pressit
565 3223 641 3300 pede
663 3221 731 3282 talia
753 3221 829 3282 latus

85 3303 249 3365 exanimem
272 3305 391 3385 rapiens
413 3305 552 3366 immania
574 3307 706 3385 pondera
729 3306 816 3367 baltei

85 3390 323 3470 impressumque
346 3391 443 3452 nelos:
467 3391 604 3453 unasub
627 3400 715 3453 nocte
737 3390 826 3471 iugali

85 3494 167 3537 caesa
192 3494 298 3537 manus
320 3476 459 3539 iuvenum
483 3478 568 3539 foede
590 3478 768 3556 thalamique
791 3475 924 3547 cruenti,

170 3632 220 3679 475
240 3627 378 3680 secl.Rbb.
432 3627 652 3694 deripilRRibb.
706 3630 755 3680 477
774 3632 814 3678 eat
831 3623 962 3676 molitalll
1013 3627 1053 3676 tlt

84 3709 112 3742 se
129 3693 214 3747 llladv.
234 3699 275 3748 43.
362 3698 411 3750 483
430 3713 510 3763 quom
530 3687 674 3748 ‘nonnulli'
698 3695 764 3748 Pier.
816 3710 875 3746 cum
893 3693 968 3745 Rbcsc
986 3690 1053 3744 Serv¹

85 3762 134 3812 485
161 3767 219 3814 ante
243 3769 338 3828 ingene
362 3765 420 3816 dist.
439 3763 479 3825 Μ;
506 3764 539 3816 cl.
558 3762 629 3816 Serv.
717 3767 767 3816 486
782 3769 893 3829 pectore
911 3761 962 3812 Rb¹
1005 3776 1053 3826 eor⁴

84 3824 159 3881 Ribb.
246 3834 296 3883 490
313 3834 352 3882 alc
370 3848 416 3882 ore
431 3830 563 3896 profatur
581 3832 668 3899 explet
686 3848 710 3885 v.
730 3830 750 3881 lt

496 4020 886 4154 A
