2286 4394
476 109 637 164 ausuros
655 110 714 165 ΗΒ.
732 110 772 165 Vl.
1085 112 1122 170 11

76 278 169 344 'Pros'
191 283 232 344 ait
247 277 385 345 ‘Aencai
416 281 533 361 cessas?
566 302 663 363 neque
685 283 765 345 euim
786 292 856 345 ante
877 284 1030 347 dehiscent

83 369 219 430 attonitae
240 387 347 448 magua
369 385 421 429 ora
443 364 572 430 domus’
618 378 648 429 et
668 368 735 429 talia
758 369 813 429 iata

84 453 229 515 conticuit.
273 453 387 532 gelidus
409 453 531 515 Teucris
552 471 607 533 per
628 453 701 515 dura
723 453 856 515 cucurrit

83 551 152 635 gissa
169 547 278 600 tremor
299 539 455 617 funditque
477 556 582 618 preces
603 556 656 600 rex
678 547 799 618 pectore
822 538 858 599 ab
881 539 955 600 imo:
1114 551 1138 602 t.

100 618 220 695 Phoebe,
243 624 339 703 gravis
361 623 466 685 Troice
487 641 605 703 semper
627 624 762 686 miserate
783 622 915 697 labores,

87 699 209 769 bardane
232 709 283 789 qui
306 707 418 771 Paridis
439 708 544 770 direnti
564 709 621 770 teia
643 727 808 787 manusque

88 805 187 872 corpus
206 794 237 855 in
260 793 418 868 heacidae,
441 811 562 872 magnas
584 793 723 855 obeuntia
745 803 838 854 terras

16 900 24 946 ρ
87 878 132 937 tot
148 878 232 939 maria
254 879 360 941 intravi
380 879 455 941 duce
476 885 506 941 te
527 878 705 958 penitusque
726 887 859 958 repostas

87 954 232 1051 biassylum
253 963 352 1044 gentis
372 972 584 1043 praetentaque
606 963 742 1044 Syrtibus
763 981 845 1036 arra,

87 1058 141 1107 ram
158 1048 273 1110 tandem
296 1048 394 1110 ltaliae
416 1048 555 1129 fugientis
577 1048 749 1128 prendimus
771 1065 854 1122 oras3

87 1123 139 1191 bac
156 1132 279 1195 Troiana
300 1142 388 1196 tenus
409 1134 498 1196 inerit
519 1134 637 1195 fortuna
659 1134 773 1196 secutai

86 1227 135 1278 vos
152 1236 268 1298 quoque
290 1218 466 1299 Pergameae
487 1219 545 1280 iam
567 1219 610 1280 ias
632 1228 677 1280 est
697 1235 819 1298 parcere
841 1218 937 1297 genti,

10 1318 18 1363 ε
86 1297 166 1381 dique
187 1304 316 1383 deaeque
338 1322 455 1378 omnes,
478 1303 586 1382 quibus
608 1303 721 1365 obstitit
742 1303 826 1365 llium
850 1312 879 1364 et
901 1304 1006 1385 ingens

85 1385 169 1460 gloria
190 1389 362 1450 Dardaniae.
406 1397 513 1468 tuque,
536 1409 553 1449 c
576 1388 873 1461 sanctissimarum,

84 1473 207 1545 pnescia
228 1473 359 1548 venturi,
381 1475 417 1535 da
440 1478 513 1552 (non
536 1473 666 1535 indebita
689 1492 780 1554 posco

82 1566 167 1636 regna
188 1559 261 1621 meis
283 1558 359 1634 tatis)
382 1559 464 1620 Latio
488 1559 643 1621 considere
664 1559 797 1620 Teucros

83 1644 260 1722 errantisque
282 1645 353 1706 deos
374 1644 539 1724 agitataque
562 1644 686 1705 numina
706 1643 821 1705 Troiae.

83 1730 140 1818 ium
160 1728 280 1791 Phoebo
304 1737 333 1790 et
354 1728 467 1791 Triviae
489 1729 582 1791 solido
605 1729 641 1790 de
664 1746 811 1791 marmore
832 1729 975 1809 templum

80 1814 224 1876 rnstttuam
247 1816 397 1894 festosque
418 1813 480 1875 dies
501 1813 539 1876 de
561 1813 681 1875 nomine
704 1813 824 1874 Phoebi.

79 1901 110 1960 te
128 1916 244 1980 quoque
266 1917 372 1978 magna
393 1907 515 1961 manent
536 1900 638 1979 regnis
659 1897 821 1979 penetralia
843 1898 968 1973 nostris;

10 1990 12 1995 ’
77 1976 124 2046 bic
143 2003 198 2063 ego
221 2002 350 2064 namque
372 1992 436 2046 tuas
456 1991 552 2060 sortes
573 2002 739 2063 arcanaque
760 1984 819 2043 iata

10 2086 13 2107 *
78 2067 150 2131 dicta
171 2086 254 2131 meae
275 2070 358 2150 genti
379 2087 489 2149 ponam
510 2070 662 2148 lectosque
682 2068 821 2140 sacrabo,

76 2153 164 2229 nna,
186 2155 273 2216 viros.
316 2154 394 2216 foliis
415 2163 529 2215 tantum
552 2173 592 2216 ne
614 2153 744 2216 carmina
765 2152 887 2224 manda,

76 2255 112 2301 ne
132 2239 250 2302 turbata
271 2239 371 2301 volent
391 2239 501 2320 rapidis
521 2239 649 2301 ludibria
668 2239 778 2314 rentis;

73 2322 136 2404 ipsa
158 2343 247 2387 canas
268 2314 346 2386 orc.'
392 2325 483 2386 finem
503 2324 583 2386 dedit
605 2342 657 2385 ore
677 2323 828 2402 loquendi.

158 2412 195 2471 ht
216 2409 327 2471 Phoebi
349 2410 482 2471 nondum
504 2409 620 2490 patiens
640 2409 776 2470 immanis
798 2409 829 2469 in
852 2417 937 2470 antro

75 2493 234 2557 bacchatur
252 2502 347 2568 vates,
370 2512 510 2575 magnum
532 2495 557 2556 si
578 2504 699 2574 pectore
722 2494 815 2574 possit

74 2580 235 2643 excussisse
256 2579 360 2656 deum;
393 2588 474 2641 tanto
496 2578 590 2659 magis
610 2578 659 2641 iila
680 2580 781 2659 fatigat

73 2684 105 2727 os
126 2665 262 2727 rabidum
285 2665 346 2726 fera
368 2665 457 2726 corda
479 2664 603 2727 domans
624 2664 768 2744 tingitque
789 2664 963 2744 premendo.

73 2751 145 2813 ostia
167 2749 285 2829 iamque
307 2750 412 2812 domus
433 2757 556 2830 patuere
577 2749 708 2828 ingentia
729 2751 858 2811 centum

71 2842 179 2915 sponte
200 2853 253 2897 sua
273 2835 405 2914 vatisque
426 2835 528 2896 icrunt
548 2852 692 2915 responsa
712 2852 767 2914 per
788 2851 889 2895 auras:

68 2913 99 2981 ‘o
121 2918 243 2982 iandcm
264 2921 379 3000 magnis
399 2920 497 3000 pelagi
518 2920 658 2982 defuncte
679 2917 797 2999 periclis

70 3006 135 3081 (sed
156 3013 254 3068 terrac
274 3004 408 3085 graviora
429 3006 578 3082 manent),
599 3003 630 3066 in
652 3022 746 3084 regna
768 3003 869 3065 Lavini

71 3089 254 3152 Dardanidae
276 3089 396 3152 venient
416 3089 511 3166 (mitte
533 3090 610 3151 banc
631 3090 668 3152 de
688 3098 810 3169 pectore
833 3089 961 3166 curam),

70 3175 122 3237 scd
144 3193 206 3236 uon
229 3183 260 3236 ct
280 3175 394 3237 venisse
416 3175 524 3237 volent.
566 3174 658 3249 belia,
679 3173 798 3237 horrida
819 3173 896 3236 bella

71 3269 100 3322 et
120 3259 264 3340 Thybrim
285 3260 378 3321 multo
399 3267 586 3341 spumantem
607 3260 752 3338 sanguine
774 3277 875 3321 cerno.

71 3364 133 3408 non
156 3344 263 3408 Simois
283 3343 338 3406 tibi
360 3363 416 3407 nec
437 3344 571 3407 Xanthus
593 3363 649 3406 nec
670 3345 776 3407 iicrica
797 3353 891 3406 castra

69 3429 236 3507 defuerint3
267 3429 343 3492 alius
365 3429 525 3492 heticium
548 3439 653 3510 partus
673 3429 816 3499 Achilles,

70 3521 160 3577 natus
181 3514 296 3597 etipse
317 3513 386 3591 dea;
417 3533 474 3577 nec
496 3514 619 3576 Teucris
639 3515 735 3575 addita
757 3513 833 3574 luno

139 3717 172 3770 ts
194 3718 229 3780 ct]
252 3720 285 3767 ut
300 3714 386 3769 Heius.
438 3720 466 3767 ss
483 3720 501 3768 t.
517 3713 579 3774 fatu
598 3712 681 3765 damu.
700 3710 799 3765 Peerik.
903 3707 1139 3764 sucrescunt.

70 3786 107 3838 84
124 3789 198 3837 terro
218 3782 309 3855 iiy¹bc‚
327 3796 419 3838 comm.
437 3782 510 3836 Serv.
579 3780 671 3833 batim
683 3772 749 3832 ‘alii’
766 3795 807 3848 ap.
826 3778 898 3833 Serv.
