2474 4388
450 135 611 190 Acheloos
629 136 687 190 LlB.
705 137 747 190 tx,

57 306 192 386 nigranti
214 306 297 386 picea
319 306 512 387 trabibusque
534 308 680 370 obscurus
700 310 830 372 acernis:

56 393 113 453 has
135 409 190 470 ego
213 391 358 453 Dardanio
381 392 494 468 iuveni,
516 411 583 455 oum
606 393 707 455 classis
729 404 845 472 egeret,

56 478 135 538 laeta
157 477 238 553 dedi;
261 496 342 538 nuno
364 478 520 538 sollicitam
541 478 630 540 timor
650 478 756 541 anxius
775 480 868 558 angit.

58 562 140 624 solve
162 570 257 623 metus
279 570 368 641 atque
390 563 447 624 hoc
469 563 609 642 precibus
630 564 695 625 sine
716 583 804 644 posse
826 576 997 645 peronen,

58 667 120 710 neu
142 666 231 709 cursu
253 656 406 744 quassatae
429 647 490 710 ullo
514 667 573 710 neu
594 647 715 711 turbine
737 651 817 712 renti

56 733 230 809 vincantur;
252 732 348 812 prosit
370 733 479 794 nostris
501 733 531 797 in
554 733 706 798 montibus
728 727 828 797 ortas.

57 817 137 880 filius
158 817 227 879 huic
249 826 368 892 contra,
391 827 511 897 torquet
533 820 584 897 qui
605 818 700 881 sidera
722 821 840 883 mundi:

54 896 87 965 ‘o
110 902 261 983 genetrix,
283 922 342 983 quo
365 904 424 964 lata
446 901 554 965 vocas?
579 913 631 966 aut
650 904 723 982 quid
744 906 820 985 petis
841 905 927 969 istis?

57 988 214 1049 mortaline
235 1006 326 1049 manu
347 989 442 1050 lectae
459 989 627 1057 immortale
649 990 767 1051 carinae

57 1075 103 1135 las
125 1071 273 1134 habeant?
296 1082 455 1152 certusque
476 1074 588 1135 incerta
610 1074 743 1154 pericula
763 1075 869 1138 lustret

58 1156 195 1221 Aeneas?
216 1159 265 1219 cui
286 1166 368 1220 tanta
389 1159 444 1221 deo
466 1160 610 1239 permissa
630 1158 782 1239 potestas?

57 1245 165 1319 immo,
187 1243 239 1304 ubi
260 1244 416 1305 defunctae
438 1245 527 1306 finem
549 1253 713 1324 portusque
735 1244 881 1307 tenebunt
977 1262 980 1267 ⁴

57 1329 206 1392 Ausonios
228 1328 314 1404 olim,
338 1347 542 1409 quaecumque
565 1331 689 1392 evaserit
709 1331 797 1392 undis

56 1414 309 1511 Dardaniumque
320 1415 425 1476 ducem
447 1415 607 1477 Laurentia
628 1416 740 1477 vexerit
761 1434 844 1490 arra,

57 1499 214 1562 mortalem
236 1498 359 1579 eripiam
380 1501 504 1562 sormam
524 1501 684 1581 magnique
705 1501 814 1563 iubebo

57 1585 197 1664 aequoris
218 1602 281 1646 esse
305 1584 390 1659 deas,
413 1585 506 1664 qualis
526 1586 631 1649 Nereia
654 1586 729 1648 Doto

57 1679 87 1732 et
108 1670 227 1731 Galatea
247 1678 349 1731 secant
369 1680 556 1748 spumantem
578 1679 699 1750 pectore
720 1662 867 1750 pontum?

56 1757 170 1816 dixerat
190 1755 280 1833 idque
301 1764 398 1815 ratum
421 1755 514 1836 Stygii
536 1773 590 1836 per
611 1756 733 1817 humina
755 1755 867 1829 fratris,

56 1859 112 1920 per
133 1841 199 1920 pice
220 1840 362 1901 torrentis
383 1848 504 1919 atraque
526 1842 667 1920 voragine
688 1841 767 1920 ripas

57 1926 162 1987 adnuit
182 1933 212 1986 et
233 1933 329 1986 totum
351 1934 427 1986 nutu
447 1926 612 1988 tremefecit
634 1925 801 2006 Olympum.

142 2009 222 2089 Ergo
245 2009 345 2070 aderat
364 2011 509 2089 promissa
529 2011 594 2073 dies
616 2018 647 2072 et
667 2019 802 2089 tempora
821 2009 933 2071 Parcae

56 2095 156 2157 debita
178 2095 377 2175 complerant,
399 2114 467 2156 cum
489 2096 584 2159 Turni
606 2096 713 2158 iniuria
734 2095 858 2157 blatrem

56 2181 211 2242 admonuit
231 2179 345 2241 ratibus
366 2181 457 2243 sacris
478 2181 626 2261 depellere
647 2181 754 2242 taedas.

55 2266 106 2327 hic
126 2266 256 2347 primum
278 2285 352 2326 nova
374 2266 424 2326 lux
446 2266 540 2329 oculis
562 2266 673 2329 offulsit
694 2274 724 2327 et
743 2266 851 2343 iugens

55 2352 135 2413 visus
158 2351 194 2412 ab
216 2352 331 2412 Aurora
354 2351 468 2414 caelum
489 2362 695 2415 transcurrere
718 2350 837 2413 nimbus

56 2437 194 2515 idaeique
216 2436 315 2512 chori;
339 2445 401 2497 tum
424 2456 480 2499 vox
499 2437 649 2499 horrendo
670 2454 725 2516 per
746 2453 832 2497 auras

55 2521 163 2583 excidit
186 2530 216 2582 et
237 2521 348 2582 Troum
369 2521 607 2601 Rutulorumque
629 2521 746 2600 agmina
768 2519 910 2601 completa

52 2599 105 2670 ‘ne
128 2607 273 2686 trepidate
294 2625 388 2681 meas,
411 2606 534 2681 Teucri,
557 2607 717 2669 defendere
739 2607 820 2669 naris

56 2711 131 2753 neve
153 2700 262 2753 armate
285 2709 404 2768 manus3
427 2692 518 2753 maria
540 2700 610 2753 ante
632 2709 756 2753 exurere
778 2691 880 2752 Turno

57 2796 146 2857 quam
168 2794 266 2838 sacras
287 2777 405 2838 dabitur
426 2777 525 2856 pinus.
568 2795 620 2837 vos
642 2776 682 2836 ite
703 2775 832 2848 solutae,

55 2864 95 2923 ite
117 2862 189 2923 deae
211 2862 322 2942 pelagi;
344 2861 480 2941 genetrix
502 2857 605 2922 iubet’
651 2867 682 2921 et
701 2878 754 2921 sua
777 2876 912 2939 quaeque

56 2947 201 3010 continuo
223 2966 340 3027 puppes
360 2947 543 3025 abrumpunt
563 2945 681 3009 nucula
704 2944 776 3025 ripis

55 3033 289 3113 delphinumque
311 3033 398 3093 modo
420 3031 563 3094 demersis
583 3047 713 3110 aequora
732 3029 837 3091 rostris

55 3119 114 3180 ima
136 3125 250 3197 petunt.
294 3117 365 3179 hinc
386 3117 536 3197 virgineae
556 3115 703 3194 (mirabile
723 3116 903 3188 monstrum)

56 3213 123 3284 quot
142 3207 229 3284 prius
250 3212 365 3265 motae
386 3212 521 3266 ιιιιιιιιιιι
539 3203 580 3265 od
601 3202 690 3265 litora
707 3218 814 3282 poree

55 3288 186 3350 reddunt
206 3307 237 3349 se
259 3288 381 3349 totidem
403 3288 494 3350 facies
516 3296 671 3368 pontoque
691 3285 839 3348 teruntur.

143 3372 320 3454 Obstipuere
342 3373 449 3434 animis
470 3373 587 3446 Rutuli,
610 3372 789 3433 conterritus
810 3370 873 3450 ipse

60 3493 256 3500 .-.—-——-—.-

1106 582 1136 632 90

140 3544 170 3594 et
191 3557 243 3592 neu
260 3541 341 3628 prius}
360 3556 393 3591 ne
410 3537 551 3609 Py¹cllbb
594 3553 643 3588 nee
660 3552 684 3589 π
770 3536 818 3587 102
836 3533 929 3600 quatu
945 3525 1058 3597 ‘aliquot
1075 3535 1129 3583 ent

55 3609 121 3663 Pier.
141 3614 167 3662 et
184 3604 268 3661 multi
297 3607 381 3662 Bnnn
454 3598 1128 3665 tbdsaermbiombtl.121(=ll223)om

55 3678 116 3731 boni
135 3677 207 3737 libri:
224 3677 322 3729 hebent
339 3675 390 3729 abr
407 3680 468 3743 post
481 3676 538 3732 122,
556 3673 635 3738 ιιιιχ
652 3672 704 3724 elio
719 3670 788 3722 loco.
859 3671 906 3723 tta
925 3670 1011 3718 animi
1026 3665 1133 3718 llutulie

55 3744 191 3819 uerus·
204 3743 276 3798 Serv
296 3745 332 3812 pl.
350 3692 424 3796 badp
444 3745 530 3795 enisu
546 3740 641 3794 Rutuli
659 3740 725 3793 llern
743 3737 806 3791 cre.
825 3735 997 3790 Schweininrt
1016 3737 1090 3800 1861,
1102 3739 1132 3795 '13

57 3814 102 3867 sed
122 3813 154 3866 ci
166 3813 218 3866 vtlt
237 3761 313 3868 53οΡ

928 3887 982 3942 ιι*
