2286 4394
461 108 621 162 sunalbus
639 109 699 168 LlB.
716 110 757 164 xl.

10 276 240 362 nannius
261 281 350 361 longe
373 290 403 343 et
424 282 512 343 vitam
534 281 677 360 dispergit
699 281 730 343 in
753 301 848 346 auras.

146 366 306 446 Extemplo
328 366 463 428 turbatae
484 365 561 428 acies
582 366 719 444 versique
742 367 838 430 Latini

10 440 196 514 *eiciunt
216 469 336 531 parmas
358 459 388 513 31
410 470 502 531 equos
525 452 560 511 ad
582 451 699 512 moenia
721 461 855 530 vertunt;

10 508 160 620 thoes
182 545 292 616 agunt,
315 536 456 616 princeps
478 547 588 597 turmas
611 535 726 598 inducit
746 537 849 600 Asilas.

10 616 187 701 hhuaque
207 620 453 701 propinquabant
473 621 582 701 portis;
604 640 767 700 rursusque
790 622 888 685 Latini

10 692 227 767 &lamonem
249 706 359 768 tollunt
381 715 411 768 et
431 706 528 769 mollia
552 705 626 766 colla
649 706 821 782 reflectunt,

39 768 95 847 lli
117 790 239 870 lugiunt
260 791 438 871 penitusque
461 791 534 852 datis
556 791 727 852 referuntur
749 792 889 867 habenis,

62 875 161 951 quatis
181 874 235 937 ubi
256 875 370 937 alterno
393 894 576 955 procurrens
598 876 715 956 gurgite
738 885 849 957 pontus

71 970 149 1023 hunc
170 959 233 1021 ruit
253 960 289 1021 ad
311 969 420 1022 terram
443 960 642 1041 scopulosque
664 961 824 1040 superiacit
846 964 925 1025 unda

21 1060 56 1107 ,²³
72 1056 209 1125 qumeus
230 1053 450 1125 extremamque
472 1046 541 1108 sinu
563 1045 716 1126 perlundit
737 1046 894 1121 harenam,

74 1144 150 1192 nunc
171 1131 294 1211 rapidus
314 1141 395 1193 retro
419 1140 507 1210 atque
528 1139 611 1193 aestu
633 1131 764 1192 revoluta
787 1133 945 1197 resorbens

76 1230 136 1277 taxa
158 1216 236 1295 fugit
256 1215 386 1296 litusque
408 1216 481 1277 vado
503 1215 621 1277 labente
644 1215 794 1296 relinquit.

73 1296 113 1362 bis
134 1300 224 1363 Tusci
246 1300 371 1364 Rutulos
393 1319 481 1380 egere
503 1301 539 1361 ad
562 1300 679 1361 moenia
700 1320 815 1375 versos,

71 1384 112 1448 his
134 1385 239 1447 reiecti
260 1385 350 1448 armis
370 1394 541 1466 respectant
562 1394 645 1464 terga
666 1393 810 1464 tegentes.

69 1469 155 1533 tertia
176 1470 228 1533 sed
249 1478 408 1551 postquam
430 1470 581 1550 congressi
603 1471 634 1531 in
657 1472 769 1551 proelia
792 1480 866 1536 totas

64 1554 244 1636 implicuere
263 1556 343 1618 inter
365 1575 397 1618 se
419 1556 498 1618 acies
520 1555 649 1635 legitque
671 1556 766 1617 virum
788 1556 846 1631 vir,

65 1648 130 1702 tum
152 1659 224 1702 vero
246 1649 276 1702 31
296 1641 423 1722 gemitus
444 1640 625 1702 morientum
648 1648 677 1701 31
698 1640 842 1718 sanguine
864 1642 895 1703 in
918 1642 976 1703 alto

64 1744 210 1806 armaque
231 1744 418 1807 corporaque
440 1735 469 1788 et
490 1725 628 1806 permixti
651 1724 740 1786 caede
761 1724 892 1787 virorum

63 1810 256 1873 semianimes
276 1811 436 1873 volvuntur
457 1811 543 1890 equi:
565 1828 666 1890 pugna
689 1828 792 1891 aspera
814 1812 918 1891 surgit.

66 1894 243 1958 Orsilochus
264 1896 395 1972 Remuli,
419 1896 537 1976 quaudo
559 1896 657 1976 ipsum
679 1895 820 1957 horrebat
841 1897 936 1972 adire,

62 1981 182 2043 hastam
203 1981 323 2043 intorsit
344 2000 421 2061 equo
443 1982 618 2061 ferrumque
639 1979 694 2042 sub
718 1999 788 2042 aure
810 1982 944 2061 reliquit;

67 2085 130 2146 quo
152 2066 273 2146 sonipes
295 2066 355 2128 ictu
377 2066 449 2127 lurit
469 2067 580 2128 arduus
601 2065 717 2145 altaque
739 2065 827 2127 iactat

64 2150 200 2213 volneris
220 2152 378 2232 impatiens
399 2160 515 2213 arrecto
538 2159 658 2231 pectore
681 2168 783 2212 crura:

66 2236 197 2298 volvitur
216 2235 265 2298 ille
287 2255 429 2298 excussus
449 2235 541 2297 humi.
586 2234 706 2298 Catillus
727 2235 820 2297 lollan

67 2321 284 2401 ingentemque
305 2321 426 2396 animis,
449 2321 602 2401 ingentem
625 2338 752 2401 corpore
774 2330 804 2381 et
826 2321 914 2384 armis

62 2405 162 2468 deicit
182 2405 384 2482 Herminium,
407 2405 489 2468 nudo
511 2406 559 2467 cui
581 2405 691 2467 vertice
712 2406 790 2468 fulva

67 2490 217 2553 caesaries
238 2491 368 2571 nudique
390 2491 501 2566 umeri,
525 2510 580 2553 nec
602 2490 723 2552 volnera
745 2500 874 2568 terrent;

66 2584 173 2638 tantus
193 2576 225 2637 in
247 2594 328 2637 arma
348 2584 439 2656 patet
482 2576 557 2637 latos
579 2577 649 2637 huic
670 2577 753 2638 hasta
774 2595 829 2656 per
850 2595 948 2639 armos

67 2669 137 2722 acta
158 2659 259 2722 tremit
279 2660 468 2742 duplicatque
489 2661 584 2723 virum
606 2663 745 2722 transfixa
767 2661 879 2722 dolore.

68 2744 208 2808 funditur
228 2754 293 2808 ater
313 2745 425 2826 ubique
446 2764 553 2820 cruor,
575 2746 648 2807 daut
669 2747 774 2806 lunera
795 2746 875 2807 lerro

63 2838 222 2893 certantes
242 2831 456 2911 pulchramque
477 2838 585 2912 petunt
606 2849 660 2910 per
680 2829 801 2891 volnera
822 2837 957 2890 mortem.

157 2914 197 2977 At
216 2916 327 2978 medias
348 2916 428 2977 inter
449 2916 553 2978 caedes
575 2915 701 2977 exsultat
722 2915 849 2975 hmazon

70 3019 169 3063 uuum
190 3009 304 3063 exserta
325 3001 402 3063 latus
423 3020 558 3082 pugnae,
581 3001 750 3081 pharetrata
771 2998 905 3074 Camilla,

69 3096 101 3148 et
124 3103 208 3149 nunc
228 3085 309 3148 lenta
330 3105 421 3147 manu
443 3104 587 3167 spargens
608 3086 722 3148 hastilia
744 3086 864 3163 densat,

71 3188 157 3232 nuno
178 3169 301 3232 validam
324 3172 426 3233 dextra
447 3171 526 3252 rapit
547 3171 692 3234 indelessa
714 3172 892 3253 bipennem;

63 3272 184 3318 aureus
205 3274 364 3319 enumero
386 3266 473 3319 sonat
494 3275 581 3318 arcus
603 3265 633 3318 et
654 3276 735 3319 arma
755 3258 876 3320 Dianae.

71 3340 122 3401 illa
144 3339 246 3417 etiam,
269 3341 295 3403 si
317 3341 435 3421 quando
458 3342 489 3402 in
511 3351 628 3422 tergum
651 3341 735 3422 pulsa
757 3342 892 3417 recessit,

72 3424 188 3505 spicula
211 3443 354 3489 converso
376 3427 520 3508 fugientia
542 3426 641 3505 dirigit
662 3444 743 3488 arcu.

162 3577 213 3630 626
230 3575 305 3629 Rihh.
323 3582 420 3642 puncto
437 3579 497 3644 post
514 3577 624 3629 habenis
644 3575 730 3643 posito
748 3574 901 3628 sententiam
919 3573 1052 3624 continuat
1068 3585 1143 3637 usqu

65 3642 108 3698 411
126 3644 186 3699 630.
291 3643 726 3706 625133333Μς31.6.111139.
829 3644 878 3695 635
898 3637 1085 3708 semineceay²

68 3712 128 3767 666
144 3709 215 3775 serit
231 3710 292 3765 bl¹R
388 3715 437 3794 656
456 3714 548 3765 domet
564 3710 637 3778 ltux
650 3711 720 3794 Seru.
739 3708 880 3828 FL³¹Ribb⁶
899 3706 968 3786 Lat..
1056 3707 1105 3759 653
1123 3709 1136 3757 i

67 3784 194 3847 tergum,
211 3782 345 3848 siquando
364 3781 465 3836 hlhbh.
555 3783 605 3832 654
624 3781 724 3845 derogat
752 3779 798 3829 ibri
815 3792 853 3843 pr.
872 3792 921 3836 3πς
940 3773 1015 3826 Rrbb.

129 3870 249 3927 Vergilius.
970 3861 1002 3913 16
