2286 4394
76 215 117 275 80
454 218 482 273 Ρ.
495 218 622 273 venum
639 219 787 276 deuotus

75 392 146 471 quin
171 409 301 463 morere,
326 400 356 452 ut
380 393 482 452 merita
505 411 552 465 os,
575 394 716 473 ferroque
737 404 838 457 averte
860 396 994 461 doloremi
1011 428 1040 442 -·

117 486 149 537 tu
172 475 300 537 lacrimis
322 476 413 536 evicta
434 478 523 549 meis,
547 486 580 538 tu
602 478 698 558 prima
720 480 870 543 furentem

119 563 177 635 bis,
200 579 356 641 germana,
379 561 462 623 malis
484 581 591 625 oneras
612 575 701 643 atque
723 565 818 628 obicis
840 566 926 629 hosti.

77 667 138 708 non
161 647 244 707 licuit
266 646 384 707 thalami
407 656 556 726 expertem
580 648 644 710 sine
667 649 793 712 crimine
814 651 902 713 vitam

76 732 198 812 degere,
222 751 303 793 more
327 733 422 805 ierac,
445 733 510 793 talis
532 752 588 794 nec
611 742 732 814 tangere
754 738 857 798 eurasl

77 836 137 879 non
161 825 273 879 servata
294 816 367 878 fides
388 816 481 878 cineri
504 820 647 897 promissa
670 817 836 900 Sychaeoi'

77 913 175 965 tantos
195 902 244 963 iila
266 922 320 964 suo
342 901 499 982 rumpebat
520 912 640 982 pectore
663 914 795 983 questus.

161 992 275 1050 Aeneas
297 987 374 1048 celsa
397 988 426 1048 in
449 989 542 1067 puppi
564 989 621 1049 iam
643 999 743 1051 certus
765 991 855 1052 eundi

76 1074 216 1154 carpebat
236 1092 357 1134 somnos
378 1072 468 1133 rebus
490 1073 547 1133 iam
570 1074 625 1134 rite
645 1075 764 1154 paratis.

76 1159 145 1220 buio
167 1178 198 1219 se
221 1160 315 1219 forma
336 1157 382 1218 dei
404 1156 484 1218 voltu
505 1157 658 1221 redeuntis
679 1161 783 1221 eodem

77 1243 183 1304 obtulit
205 1244 235 1303 in
259 1243 370 1304 somnis
390 1260 553 1322 rursusque
574 1244 613 1304 ita
636 1245 695 1305 risa
717 1263 842 1306 monere
865 1255 924 1319 est,

77 1328 175 1389 omnia
197 1327 344 1388 Mercurio
368 1327 485 1401 similis,
507 1346 670 1407 vocemque
692 1329 884 1409 coloremque

76 1423 106 1474 et
127 1413 218 1473 crinis
240 1413 329 1472 ssavos
350 1420 381 1472 et
400 1410 533 1473 membra
555 1414 663 1475 decora
684 1414 818 1476 iuventa:

74 1491 154 1558 ‘nate
177 1497 245 1570 dea,
267 1505 353 1576 potes
375 1497 431 1557 boc
453 1496 508 1558 sub
531 1517 601 1560 casu
624 1499 732 1560 ducere
753 1517 891 1575 somnos,

76 1601 148 1657 neo,
171 1600 246 1662 quae
267 1593 296 1643 te
318 1581 428 1642 circum
452 1592 531 1644 stent
552 1584 659 1645 deinde
680 1584 828 1663 pericula,
851 1585 964 1659 cernis,

77 1669 213 1730 demensi
237 1685 293 1728 neo
314 1667 457 1747 zephyros
479 1668 562 1729 audis
584 1669 696 1748 spirare
717 1667 886 1731 secundos?

75 1753 124 1814 ilia
146 1753 229 1814 dolos
251 1752 406 1831 dirumque
428 1753 511 1814 netas
532 1753 563 1814 in
584 1762 707 1833 pectore
728 1762 825 1815 versat

76 1849 156 1900 certa
179 1839 254 1899 mori
275 1838 415 1916 varioque
437 1838 546 1899 irarum
568 1838 691 1900 fluctuat
712 1848 804 1901 aestu.

76 1943 138 1986 non
161 1924 237 2004 iugis
258 1925 329 1985 bino
350 1942 507 2003 praeceps,
529 1925 599 1984 dum
620 1924 814 2003 praecipitare
836 1922 991 2004 potestas?

76 2011 131 2071 iam
155 2029 234 2072 mare
256 2010 369 2071 turbari
391 2008 524 2071 trabibus
545 2027 702 2087 saevasque
725 2009 838 2071 ridebis

77 2097 235 2158 conlucere
258 2097 350 2168 faces,
373 2097 428 2156 iam
452 2096 565 2156 fervere
587 2094 673 2155 litora
695 2093 835 2168 dammis,

76 2183 100 2242 si
122 2192 151 2242 te
174 2182 219 2242 his
241 2181 369 2260 attigerit
390 2181 477 2242 terris
499 2182 612 2241 Aurora
634 2188 810 2240 morantem.

75 2267 140 2327 beia
163 2286 233 2345 age,
256 2284 361 2344 rumpe
383 2283 489 2326 moras.
533 2265 644 2325 varium
668 2273 698 2326 et
717 2263 860 2326 mutabile
881 2283 999 2347 semper

75 2343 202 2411 semina?
249 2350 290 2410 sic
312 2350 390 2410 satus
413 2350 493 2410 nocti
516 2368 546 2411 se
562 2349 721 2410 immiscuit
741 2359 831 2410 atrae.

160 2435 235 2496 Tum
256 2452 327 2493 vero
349 2434 462 2494 Aeneas
484 2434 589 2496 subitis
611 2435 766 2496 exterritus
787 2434 902 2497 umbris

75 2520 197 2597 corripit
220 2539 235 2579 e
257 2535 362 2580 somno
386 2537 495 2597 corpus
516 2520 671 2599 sociosque
694 2520 809 2599 fatigat:

72 2599 261 2683 ‘praecipites
282 2604 413 2683 vigilate,
436 2604 505 2678 viri,
529 2613 558 2666 et
581 2605 723 2667 considite
744 2605 897 2679 transtris;

75 2690 175 2751 solvite
197 2690 259 2750 vela
281 2690 340 2750 citi.
384 2691 456 2752 dous
478 2691 596 2752 aethere
618 2690 724 2752 missus
746 2689 782 2751 ab
805 2689 862 2750 alto

75 2775 215 2836 festinare
237 2777 334 2855 sugam
357 2786 510 2856 tortosque
532 2776 664 2838 incidero
686 2775 765 2836 funis

76 2880 144 2922 ecoe
167 2863 273 2923 iterum
296 2862 433 2924 stimulat.
477 2863 629 2941 sequimur
650 2871 694 2934 to,
717 2869 818 2921 sancte
840 2860 981 2933 deorum,

76 2948 208 3027 quisquis
230 2966 277 3020 es,
291 2948 484 3028 imperioque
505 2949 611 3009 iterum
633 2964 770 3027 paremus
792 2955 921 3007 ovantes.

75 3033 152 3094 adsis
175 3052 191 3093 o
215 3033 404 3113 placidusque
427 3035 507 3095 iuves
529 3042 558 3093 et
579 3032 674 3094 sidera
696 3031 777 3092 caelo

73 3117 175 3178 dextra
197 3109 292 3178 ieras?
339 3117 411 3179 dixit
432 3119 594 3198 vaginaque
617 3117 705 3196 eripit.
727 3132 828 3177 ensem

75 3203 247 3264 fulmineum
270 3203 432 3282 strictoque
454 3203 521 3263 ferit
542 3202 705 3264 retinacula
727 3203 816 3263 ierro.

75 3288 151 3348 idem
174 3288 271 3349 omnis
292 3287 379 3348 simul
402 3287 489 3348 ardor
511 3288 616 3360 babet,
639 3288 817 3367 rapiuntque
839 3294 992 3364 ruuntque
999 3304 1007 3360 ;

75 3374 159 3435 litora
182 3373 353 3445 deseruere,
376 3372 446 3433 latet
467 3373 523 3434 sub
547 3373 688 3434 classibus
710 3389 837 3450 aequor;

161 3526 236 3586 51819
260 3523 334 3577 Ribb.
357 3522 443 3575 addito
467 3521 513 3574 lac.
533 3521 605 3588 signo
628 3536 684 3587 pos.
707 3525 767 3590 post
791 3524 855 3584 418,
879 3519 959 3574 Gebb.
979 3521 1070 3587 damn,

74 3594 145 3646 Albr.
164 3596 222 3647 401.
309 3594 358 3645 552
377 3591 492 3658 Sychaei
508 3589 533 3641 111
547 3582 669 3643 ‘vetusti'
688 3590 752 3644 Pier.
789 3590 932 3658 Syrbaoim
950 3589 982 3640 1)Ι

75 3667 126 3727 (ω
139 3661 171 3713 lx
191 3665 240 3714 650
255 3664 286 3727 s.)
304 3660 387 3713 damn.
405 3659 485 3711 Gebb.
572 3661 621 3712 559
639 3662 763 3711 iuventae
780 3657 833 3729 Pya
851 3656 921 3710 Serv.
933 3655 1007 3709 Ribb.

74 3735 144 3781 stant
161 3731 222 3781 dira
236 3747 264 3796 p.
283 3729 391 3782 Heidtm.
412 3728 485 3792 1885,
505 3731 543 3781 11).
623 3730 672 3780 564
690 3725 969 3797 vanosqueFPbem
1003 3742 1070 3778 svam

74 3795 112 3846 Μ1
181 3803 299 3850 concitat
317 3797 426 3868 FPy¹cm
496 3801 584 3849 oestuo
601 3794 709 3865 Pyb²cm
722 3794 797 3847 Ribb.
885 3797 934 3847 513
951 3799 1070 3861 praecipi

74 3863 153 3915 verbo
178 3865 281 3930 fatigat
305 3867 415 3931 pendere
439 3865 491 3919 rol.
509 3865 567 3916 dist.
586 3869 645 3929 post
664 3879 701 3914 os.
716 3856 856 3914 ‘nonnulli'
877 3879 917 3930 ap.
936 3862 1007 3915 Serv.
1026 3865 1071 3929 pi,

74 3928 121 3983 Kr.
140 3933 215 3995 1881,
236 3935 291 3985 186.
324 3935 494 3998 praeripiam
511 3930 630 3982 Hdberlin
645 3879 718 3980 ssbd.
738 3931 811 3991 1881,
830 3931 888 3982 601.

536 4098 686 4140 *ι
