2474 4388
450 216 611 272 nunninus
629 219 687 273 ΗΒ.
704 219 743 272 lll.

53 388 205 469 impositis
227 407 300 451 auro
323 389 447 470 dapibus
468 400 643 470 paterasque
665 392 817 454 tenebant.

145 474 267 553 lamque
289 475 351 536 dies
373 474 505 554 alterque
527 476 589 537 dies
610 478 756 557 prooessit
777 486 806 539 et
828 498 915 541 aurae

56 558 122 620 vela
145 569 254 620 vocant
276 559 449 639 tumidoque
471 560 591 622 indatur
612 562 752 624 carbasus
774 574 891 628 austro:

57 645 106 708 bis
128 653 222 705 vatem
246 645 402 724 aggredior
422 645 508 707 dictis
529 665 564 706 ac
585 647 653 707 talia
675 665 802 727 quaeso:

55 722 258 808 ‘Troiugena
280 730 428 809 interpres
450 730 564 805 divom,
588 732 639 811 qui
661 732 784 794 numina
805 733 932 808 Phoebi,

58 816 112 894 qui
134 813 281 894 tripodas,
305 814 392 876 Clarii
414 815 527 889 laurus,
550 816 601 895 qui
623 816 719 879 sidera
740 818 832 879 sentis

62 909 93 961 et
113 898 269 960 volucrum
290 898 406 979 linguas
428 908 458 961 et
479 900 628 980 praepetis
650 902 748 963 omina
770 902 895 981 pinnae,

60 985 123 1046 iare
146 1001 200 1063 age
221 987 361 1062 (namque
384 1003 502 1046 omnem
525 1003 645 1047 cursum
669 987 739 1047 mihi
762 1005 904 1067 prospera
926 988 998 1049 dixit

59 1069 165 1147 rehgio
189 1076 217 1129 et
239 1069 339 1130 cuncti
361 1079 521 1131 suaserunt
544 1071 665 1132 numine
687 1070 744 1132 divi

59 1153 174 1215 ltaliam
196 1162 297 1232 petere
319 1165 348 1215 et
370 1163 463 1216 terras
484 1163 629 1234 temptare
651 1163 799 1235 repostas3

58 1239 124 1301 sola
146 1256 256 1298 novum
277 1237 418 1317 dictuque
440 1240 523 1301 nefas
545 1239 672 1320 Harpyia
696 1240 821 1302 Celaeno

59 1322 231 1404 prodigium
252 1323 332 1384 canit
353 1333 383 1384 et
403 1324 496 1386 tristis
516 1323 673 1385 denuntiat
694 1325 752 1387 iras

60 1408 283 1487 obscenamque
304 1404 440 1489 famem):
464 1426 540 1487 quae
562 1409 657 1488 prima
678 1410 811 1488 pericula
833 1408 914 1471 vito?

59 1492 169 1573 quidve
191 1511 320 1571 sequens
341 1501 440 1554 tantos
461 1493 573 1573 possim
594 1512 735 1573 superare
757 1489 909 1556 laboresl'

61 1577 109 1639 hio
131 1576 264 1638 Helenus
284 1577 378 1639 eaesis
400 1578 528 1657 primum
550 1577 587 1638 de
609 1596 692 1639 more
715 1580 847 1641 iuvencis

59 1670 165 1723 exorat
187 1680 288 1742 paoem
310 1662 406 1723 divom
429 1663 573 1741 vittasque
595 1663 715 1725 resolvit

58 1748 168 1809 sacrati
190 1746 294 1826 capitis
315 1765 422 1826 meque
444 1748 479 1808 ad
502 1756 552 1808 tua
573 1747 691 1822 limina,
714 1748 847 1822 Phoebe,

59 1833 125 1912 ipse
147 1850 237 1894 manu
259 1831 352 1893 multo
375 1850 552 1912 suspensum
575 1833 698 1894 numine
720 1833 801 1895 ducit

56 1926 151 2020 fitque
165 1917 254 2080 graec(
267 1916 375 1978 deinde
396 1917 476 2014 canit
492 1917 595 2062 slim?
618 1936 654 1978 ex
677 1918 902 2063 orelsaoerdos:

73 2011 143 2064 nate
186 2020 218 2063 ea
255 2019 322 2062 nam
345 2010 374 2062 te
395 2019 500 2062 maron
523 2021 557 2064 us
579 2021 622 2063 1re
644 2020 699 2083 per
721 2011 812 2063 atum

58 2087 200 2168 auspiciis
222 2086 376 2147 manifesta
400 2087 487 2169 ddes3
510 2086 552 2148 sic
575 2087 631 2147 iata
653 2086 741 2148 deum
764 2104 816 2147 rex

58 2172 187 2234 sortitur
207 2170 354 2250 volvitque
375 2171 470 2245 vices,
492 2171 518 2232 is
540 2171 662 2232 vertitur
684 2171 785 2248 ordo),

61 2274 155 2337 panca
179 2255 231 2316 tibi
254 2275 270 2316 e
291 2255 404 2330 multis,
427 2274 486 2334 quo
509 2256 600 2317 tutior
622 2256 736 2335 hospita
759 2256 865 2317 lustres

59 2359 193 2421 aequora
216 2349 245 2402 et
266 2340 398 2402 Ausonio
421 2340 517 2421 possis
538 2339 693 2402 considere
714 2349 819 2421 portu,

60 2425 216 2507 expediam
238 2424 337 2498 dintis;
361 2424 522 2504 prohibent
543 2443 612 2486 nam
635 2433 732 2486 cetera
754 2425 862 2486 Pareae

60 2512 139 2575 scire
163 2508 309 2571 Helenum
331 2509 445 2588 farique
466 2517 544 2570 vetat
566 2509 705 2570 Saturnia
727 2510 811 2571 luno.

62 2594 211 2676 principio
233 2592 360 2668 ltaliam,
384 2612 472 2674 quarn
495 2604 525 2654 tu
549 2594 605 2654 iam
628 2612 694 2655 rere
716 2594 914 2674 propinquam

62 2680 252 2758 vicinosque,
273 2678 392 2757 ignare,
414 2696 501 2758 paras
522 2679 659 2740 invadere
681 2690 800 2758 portus,

63 2765 152 2843 longa
174 2762 280 2843 procul
302 2763 399 2844 longis
420 2763 465 2823 ria
486 2763 588 2825 dividit
609 2763 685 2825 invia
707 2764 804 2825 terris.

63 2858 134 2912 ante
155 2857 185 2910 et
206 2847 357 2909 Trinacria
378 2847 536 2910 lentandus
557 2866 657 2910 remus
679 2848 708 2909 in
733 2847 811 2909 unda

62 2944 95 2997 et
116 2933 185 2996 salis
205 2932 329 2994 Ausonii
350 2931 536 2994 lustrandum
560 2932 683 2994 navibus
704 2950 816 3010 aequor

64 3017 233 3097 infernique
255 3017 337 3079 lacus
357 3018 529 3095 Aeaeaeque
551 3016 647 3078 insula
670 3017 784 3089 Circae,

65 3120 156 3183 qnam
176 3110 239 3163 tnta
260 3101 356 3181 possis
378 3101 481 3163 urbem
503 3119 684 3181 componere
705 3111 792 3162 terra.

64 3188 151 3266 signa
171 3186 225 3248 tibi
247 3186 359 3260 dicam,
381 3197 414 3248 tn
438 3186 555 3247 condita
577 3196 677 3247 mente
699 3194 809 3247 teneto.

64 3290 134 3334 oum
156 3270 210 3332 tibi
232 3270 357 3332 sollicito
379 3270 485 3333 secreti
507 3270 542 3332 ad
565 3270 695 3332 huminis
716 3271 825 3332 undam

65 3356 178 3419 litoreis
199 3355 306 3435 ingens
327 3355 446 3417 inventa
468 3355 523 3417 sub
545 3354 661 3417 ilicibus
683 3374 733 3417 sus

65 3440 188 3521 trigima
209 3440 337 3522 capitum
360 3441 438 3502 letus
459 3439 545 3501 enixa
567 3439 689 3513 iacebit,

64 3526 148 3600 alba,
171 3524 234 3588 solo
257 3523 417 3599 recubans,
440 3523 498 3585 albi
521 3526 633 3586 circum
655 3523 747 3586 ubera
770 3522 846 3595 nati,

152 3695 202 3747 355
222 3691 300 3745 verba
315 3696 374 3757 pat.
392 3695 444 3744 tea.
462 3691 512 3743 iam
531 3689 630 3758 lleynio
649 3696 767 3790 suspecta
787 3687 847 3741 secl.
866 3685 946 3738 Gebh.
1025 3685 1073 3736 abo
1093 3686 1141 3749 qur·

66 3767 102 3813 tr.
120 3760 158 3813 ct
176 3764 203 3812 at
219 3760 237 3812 l.
255 3757 340 3812 Madv.
354 3761 394 3813 35.
487 3760 536 3812 362
555 3762 639 3811 omnia
656 3756 693 3828 Py
717 3757 791 3810 Ribb.
861 3769 912 3806 non
930 3754 960 3805 37
965 3755 980 3804 4
993 3767 1014 3804 s.
1031 3767 1095 3803 nam
1115 3787 1142 3803 ..

67 3828 151 3892 ordo,
168 3826 215 3880 sed
234 3829 314 3881 dide.
332 3831 371 3878 aio
390 3862 418 3881 ..
436 3826 502 3878 ordo
521 3826 666 3891 parenthesi
684 3826 781 3892 saepsit
799 3821 857 3874 bad.
941 3827 1028 3872 contra
1048 3820 1142 3887 tttlsd

64 3897 92 3948 in
111 3894 258 3963 parenthesi
276 3908 333 3961 pos.
351 3892 390 3946 Kl.
412 3895 485 3958 1879,
505 3895 544 3948 13.
632 3894 682 3946 386
701 3892 785 3946 darno.
803 3889 882 3943 Gebb.
