2286 4394
44 171 107 232 284
423 170 451 223 Ρ.
464 167 594 222 VERGlhl
609 166 758 224 uluouls

44 343 215 406 Dardanidis
236 342 354 421 dicique
376 341 476 415 iubes,
497 357 608 414 unum,
632 341 742 423 optime
765 359 885 422 regum,

43 429 166 501 adicias,
189 445 246 488 nec
267 436 296 487 te
317 427 407 488 ullius
427 426 566 487 violentia
588 425 704 500 vincat,

44 513 115 593 quin
139 521 236 573 natam
259 512 379 592 egregio
401 529 513 592 genero
535 510 692 589 dignisque
713 510 887 591 hymenaeis

43 598 95 660 des
116 605 200 677 pater
221 606 251 658 et
272 615 375 676 pacem
397 596 474 658 hanc
497 604 618 657 aeterno
641 595 761 657 loedere
784 597 894 660 firmes.

44 682 123 762 quod
146 683 170 744 si
192 691 294 744 tantus
315 682 404 743 habet
425 689 540 743 mentes
561 688 591 741 et
614 689 732 760 pectora
754 688 868 756 terror,

42 768 140 848 ipsum
164 768 346 830 obtestemur
367 767 542 846 veniamque
563 784 684 828 oremus
705 766 741 827 ab
763 766 848 846 ipso:

43 853 141 926 cedat,
164 853 210 915 ius
232 853 386 934 proprium
408 851 469 931 regi
492 850 663 932 patriaeque
685 851 825 913 remittat.

45 939 115 1018 qnid
137 939 261 1000 miseros
282 938 391 999 totiens
413 937 444 998 in
467 944 567 1016 aperta
590 935 722 1015 pericula
744 935 816 999 ciris

43 1023 167 1103 proicis,
190 1043 207 1085 o
231 1022 313 1084 Latio
337 1031 426 1102 caput
446 1022 553 1083 horum
576 1028 606 1082 et
627 1039 713 1083 causa
735 1019 906 1084 malorum?

43 1108 124 1170 nulla
146 1107 224 1170 salus
247 1107 341 1184 beDo;
364 1126 467 1187 pacem
489 1115 519 1167 te
540 1105 691 1186 poscimus
713 1125 833 1182 omnes,

43 1192 162 1267 Turne,
184 1193 271 1254 simul
292 1193 373 1273 pacis
395 1193 490 1254 solum
512 1191 681 1252 inviolabile
703 1191 821 1272 pignus.

42 1278 156 1355 primus
178 1296 250 1356 ego,
272 1276 399 1338 invisum
422 1295 510 1356 quem
533 1284 566 1337 tn
588 1275 641 1337 tibi
663 1276 751 1356 fingis
772 1277 816 1354 (et
836 1295 904 1340 csse

43 1360 85 1422 nil
107 1362 234 1439 moror),
257 1362 312 1422 eni
334 1361 460 1440 supplex
481 1361 579 1422 venio.
623 1360 764 1423 miserere
786 1370 924 1439 tuorum,

42 1464 121 1525 pone
143 1445 258 1506 animos
280 1453 309 1506 et
330 1445 433 1524 pulsos
456 1445 517 1509 abi:
540 1454 585 1508 sat
605 1446 711 1508 funera
732 1446 791 1509 fusi

41 1529 167 1592 vidimus
188 1530 318 1610 ingentis
339 1540 369 1591 et
390 1530 586 1593 desolavimus
607 1549 703 1611 agros.

42 1625 108 1690 aut,
131 1615 155 1677 si
177 1617 253 1676 lama
275 1625 387 1692 movet,
410 1616 571 1677 sitantum
593 1624 715 1696 pectore
736 1615 830 1677 robur

42 1701 175 1782 concipis
198 1709 227 1762 et
249 1702 272 1763 si
295 1702 368 1764 adeo
390 1701 495 1764 dotalis
516 1701 596 1781 regia
619 1700 702 1763 cordi
724 1709 784 1777 est,

43 1788 118 1849 aude
140 1797 227 1866 atque
249 1786 403 1848 adversum
426 1787 522 1848 fidens
543 1787 588 1848 ier
609 1795 714 1866 pectus
734 1786 766 1848 in
788 1785 916 1849 hostem.

43 1872 169 1947 scilicet,
192 1881 225 1933 nt
246 1872 349 1934 Turno
372 1872 526 1951 contingat
547 1871 628 1951 regia
650 1871 783 1934 coniunx

43 1976 113 2033 nos,
136 1958 251 2019 animae
272 1957 359 2032 viles,
382 1959 534 2019 inhumata
555 1955 716 2035 infletaque
738 1956 826 2018 turha

42 2051 210 2104 sternamur
232 2042 352 2122 campis.
395 2043 482 2104 etiam
504 2051 552 2116 tu,
575 2042 599 2103 si
622 2059 680 2121 qua
701 2039 755 2103 tihi
775 2040 834 2117 vis,

43 2127 67 2189 si
89 2127 175 2208 patrii
198 2128 269 2207 quid
291 2128 391 2190 Martis
412 2127 519 2202 habes,
541 2126 623 2189 illum
647 2126 745 2206 aspice
767 2135 888 2201 contra,

43 2212 93 2291 qui
115 2209 222 2274 vocat'

128 2296 247 2358 Talibus
269 2298 377 2359 exarsit
398 2297 483 2359 dictis
504 2297 642 2358 violentia
665 2295 774 2372 Turni,

43 2381 91 2443 dat
112 2383 251 2460 gemitum
275 2383 445 2462 rumpitque
467 2383 520 2443 has
542 2382 602 2443 imo
624 2389 745 2462 pectore
767 2399 869 2444 voces:

39 2460 132 2544 ‘larga
155 2466 290 2545 quidem,
313 2466 444 2540 Drance,
467 2486 584 2547 semper
606 2466 658 2529 tibi
682 2466 767 2546 copia
789 2466 869 2528 laudi

41 2560 120 2624 tum,
144 2569 212 2612 cum
234 2549 310 2610 bella
332 2568 438 2612 manus
459 2561 603 2630 poscunt,
625 2551 818 2632 patribusque
839 2552 951 2614 vocatis

41 2636 155 2716 primus
176 2636 255 2696 ades.
299 2635 350 2696 sed
374 2655 433 2696 non
457 2638 599 2716 replenda
622 2646 666 2699 est
687 2636 768 2698 curia
790 2635 906 2712 verbis,

41 2739 115 2800 quae
137 2731 201 2782 tuto
224 2720 276 2782 tihi
299 2740 404 2801 magna
429 2722 542 2797 volant,
564 2725 635 2784 dum
657 2722 778 2784 distinet
797 2722 912 2784 hostem

42 2825 131 2887 agger
151 2825 321 2868 moerorum
345 2827 401 2869 nec
423 2808 570 2868 inundant
592 2807 736 2887 sanguine
758 2808 862 2869 fossae.

41 2893 167 2972 proinde
189 2901 259 2953 tona
281 2892 398 2973 eloquio
422 2893 553 2967 (solitum
576 2891 640 2968 tibi)
663 2910 769 2972 meque
790 2891 906 2953 timoris

40 2997 130 3057 argue
152 2987 200 3051 tu,
223 2978 353 3054 Drance,
377 2979 495 3057 quando
517 2987 562 3039 tot
583 2977 688 3057 stragis
709 2994 830 3038 acervos

40 3062 224 3123 Teucrorum
246 3072 295 3122 tua
318 3065 417 3124 dextra
440 3063 519 3123 dedit
539 3062 708 3143 passimque
730 3061 860 3142 tropaeis
961 3100 963 3106 ·

40 3146 165 3225 insignis
187 3165 283 3224 agros.
327 3148 421 3226 possit
442 3147 513 3225 quid
534 3148 627 3208 vivida
648 3147 757 3222 virtus,

40 3230 191 3310 experiare
212 3230 298 3304 licet;
321 3249 377 3291 nec
399 3231 488 3310 longe
510 3231 623 3294 scilicet
644 3233 744 3294 hostes

40 3315 202 3395 quaerendi
224 3315 324 3377 nobis:
348 3317 540 3378 circumstant
561 3317 693 3398 undique
714 3335 825 3379 muros.

39 3402 116 3464 imus
138 3401 168 3461 in
192 3400 351 3462 adversos?
375 3439 416 3448 -
439 3402 507 3481 quid
531 3400 651 3465 cessas?
674 3421 712 3463 an
735 3401 788 3463 tibi
810 3400 925 3462 Mavors

39 3497 161 3549 ventosa
183 3487 213 3547 in
236 3487 337 3566 lingua
360 3487 544 3568 pedibusque
567 3487 720 3569 fugacibus
742 3487 804 3548 istis
1073 3494 1113 3545 ³90

125 3640 173 3690 356
188 3643 270 3702 poter
287 3640 420 3691 commatis
439 3653 522 3706 saeps.
542 3637 616 3690 Ribb.
634 3635 708 3699 Lad.;
728 3641 790 3689 sust.
803 3635 844 3688 ill.
896 3634 987 3698 firmes
1015 3637 1113 3700 iungar

39 3700 182 3757 wemno.
231 3709 333 3772 pingas
351 3707 540 3772 ampsagam)
622 3708 670 3759 373
690 3711 715 3756 et
732 3708 787 3756 iam
805 3703 890 3756 lleins.
970 3704 1114 3756 diderit-

39 3770 125 3822 natR
170 3773 347 3826 destinetMn
434 3776 483 3827 382
502 3789 602 3839 aggere
626 3774 682 3825 libri
704 3789 741 3840 pr.
759 3771 806 3843 y²b
824 3770 940 3838 Menug.;
964 3770 997 3824 ci.
1016 3771 1038 3822 X
1059 3773 1114 3826 144.

38 3851 176 3889 rrrrrrorum
195 3841 335 3912 P²Ryh¹car
387 3842 446 3907 nec]
466 3846 492 3891 et
510 3841 572 3911 Py¹;
591 3841 623 3894 ci.
640 3840 661 3891 X
680 3842 721 3893 24.
