2474 4388
433 249 595 304 anuumos
612 250 670 305 ΗΒ.
683 250 743 305 Vlll.

57 429 203 496 ostentat;
225 421 292 482 latis
313 421 372 482 lruc
394 422 636 500 tepescentibus
658 423 763 485 adfers.

55 506 136 568 haud
159 505 264 587 procul
285 505 356 566 hinc
378 523 447 567 saxo
469 505 610 567 incolitur
631 507 749 568 fundata
771 522 886 574 vetusto

59 591 143 652 urhis
165 590 317 671 Agyllinae
338 591 438 666 sedes,
460 591 512 652 ubi
533 591 624 670 Lydia
646 594 796 671 quondam

58 695 150 755 gens,
173 675 251 737 bello
274 674 440 755 praeclara,
462 675 538 756 iugis
560 675 668 737 insedit
688 677 831 742 Etruscis.
977 748 979 759 ¹

57 761 137 822 hanc
159 760 267 822 multos
288 761 444 821 florentem
467 779 562 822 annos
583 780 636 821 rex
656 762 763 824 deinde
784 767 913 846 superbo

57 845 184 925 imperio
207 855 236 907 et
257 845 349 907 saevis
371 845 467 906 tenuit
488 845 649 907 Mezentius
670 848 768 910 armis

60 929 132 1009 quid
154 948 315 992 memorem
338 929 474 991 infandas
496 929 613 1004 caedes,
637 932 708 1010 quid
730 934 804 994 facta
826 938 944 1016 tyranni

59 1012 173 1076 effera?
196 1015 225 1075 di
246 1014 335 1094 capiti
356 1014 449 1094 ipsius
470 1014 634 1094 generique
654 1021 819 1080 reserventl

60 1109 177 1161 mortua
201 1099 272 1179 quin
296 1099 383 1160 etiam
405 1098 547 1178 iungebat
568 1118 695 1180 corpora
716 1102 787 1165 vivis

60 1202 247 1264 componens
268 1183 464 1262 manibusque
486 1202 591 1246 manus
613 1193 701 1263 atque
725 1187 825 1251 oribus
848 1209 915 1266 ora,

60 1269 203 1330 tormenti
224 1287 333 1349 genus,
356 1279 386 1330 et
407 1269 489 1339 sanie
510 1268 638 1348 taboque
660 1271 779 1334 fluentis

60 1354 219 1434 complexu
240 1355 271 1416 in
294 1353 402 1415 misero
424 1353 513 1430 longa
535 1354 577 1415 sic
600 1365 695 1416 morte
718 1358 851 1419 necabat.

60 1449 90 1499 at
111 1439 181 1501 lessi
203 1439 323 1500 tandem
343 1438 421 1500 'cives
443 1438 564 1499 infanda
585 1440 733 1502 furentem

59 1524 166 1585 armati
188 1523 410 1586 circumsistunt
431 1523 588 1603 ipsumque
611 1526 806 1622 domumque,

61 1608 245 1670 obtruncant
265 1607 376 1680 socios
400 1608 499 1687 ignem
522 1607 557 1668 ad
580 1610 693 1689 fastigia
714 1611 832 1673 iactant.

59 1694 110 1754 ille
133 1693 212 1755 inter
233 1694 351 1755 caedem
369 1654 552 1754 Rutulorum
574 1693 719 1777 elapsus
712 1715 742 1757 ιιι
765 1715 852 1793 agros

61 1780 225 1857 confugere
247 1786 277 1839 et
298 1776 393 1838 Turni
414 1778 568 1840 defendier
589 1773 713 1860 hospitis
734 1781 833 1843 armis.

61 1882 135 1944 ergo
157 1863 254 1925 omnis
275 1861 359 1924 furiis
380 1862 509 1924 surrexit
529 1863 647 1924 Etruria
668 1864 768 1940 iustis,

59 1967 164 2029 regem
186 1948 223 2008 ad
244 1946 421 2027 supplicium
442 1948 591 2027 praesenti
613 1948 706 2010 Marte
728 1960 899 2029 reposcunt.

60 2033 109 2095 his
131 2051 186 2113 ego
208 2043 252 2106 te,
275 2033 386 2107 Aenea,
409 2031 562 2094 ductorem
583 2032 701 2095 milibus
723 2035 835 2096 addam

60 2128 126 2179 toto
148 2136 277 2197 namque
297 2118 430 2179 fremunt
450 2108 619 2179 condensae
640 2117 727 2179 litore
748 2139 863 2200 puppes

61 2204 206 2282 signaque
228 2203 307 2263 ferre
329 2201 448 2276 iubent,
473 2203 582 2264 retinet
602 2202 762 2299 longaevus
785 2205 929 2286 haruspex

61 2288 123 2349 lata
144 2305 268 2349 canens:
290 2279 331 2347 “o
353 2287 504 2348 Maeoniae
526 2288 639 2349 delecta
660 2287 811 2365 iuventus,

62 2373 119 2433 llos
139 2382 271 2434 veterum
293 2372 444 2450 virtusque
465 2372 576 2447 urum,
599 2391 676 2451 quos
696 2373 791 2436 iustus
813 2376 844 2437 in
866 2376 981 2437 hostem
1093 2386 1137 2436 tuo

63 2459 124 2519 lert
144 2457 230 2518 dolor
250 2466 280 2517 et
300 2457 404 2518 merita
426 2457 560 2520 accendit
580 2458 771 2521 Mezentius
764 2479 821 2536 rra,

64 2541 140 2603 nulli
162 2543 206 2604 fas
227 2541 298 2602 italo
320 2549 431 2603 tantam
445 2542 634 2644 subiungere
656 2553 789 2622 gentem:

65 2637 206 2688 externos
228 2635 327 2706 optate
348 2618 465 2688 ducesff'
510 2636 573 2688 tum
595 2626 718 2690 Etrusca
740 2631 849 2692 resedit

64 2713 123 2772 hoc
145 2711 223 2772 acies
245 2729 350 2791 campo
372 2711 493 2773 monitis
514 2712 652 2774 exterrita
674 2713 781 2774 divom.

66 2795 130 2873 ipse
153 2805 285 2857 oratores
306 2796 342 2857 ad
364 2815 413 2856 me
434 2797 579 2876 regnique
602 2816 744 2876 coronam

67 2899 137 2942 cum
158 2889 275 2961 sceptro
297 2880 376 2943 misit
396 2882 574 2961 mandatque
594 2882 722 2960 insignia
744 2882 894 2957 Tarchon,

66 2965 223 3027 succedam
245 2966 348 3027 castris
369 2965 580 3046 Tyrrhenaque
601 2983 693 3042 regna
715 2984 873 3047 capessam.

67 3051 119 3113 sed
143 3049 213 3112 mihi
236 3051 317 3112 tarda
338 3050 407 3130 gelu
427 3052 590 3131 saeclisque
612 3051 698 3112 edeta
719 3062 858 3114 senectus

66 3135 180 3198 invidet
199 3134 358 3215 imperium
380 3154 522 3215 seraeque
543 3137 578 3198 ad
601 3136 688 3197 fortia
708 3137 794 3198 vires.

67 3230 171 3283 natum
193 3221 379 3293 exhortarer,
402 3221 433 3282 ni
455 3221 563 3283 mixtus
583 3229 677 3282 matre
699 3221 814 3283 Sebeda
1096 3231 1138 3281 ιιι

66 3307 139 3367 hinc
161 3314 274 3386 partem
296 3305 407 3384 patriae
429 3307 567 3367 traheret.
610 3315 659 3380 tu,
682 3307 766 3369 cuius
788 3316 818 3368 et
839 3307 925 3368 annis

68 3401 99 3452 et
120 3389 224 3470 generi
245 3391 303 3452 iata
325 3389 495 3468 indulgent,
518 3409 606 3470 quem
629 3391 750 3453 numina
772 3401 916 3471 poscunt,

67 3475 238 3554 ingredere,
262 3493 280 3535 o
302 3475 450 3536 Teucrum
471 3483 560 3554 atque
581 3474 686 3536 italum
707 3474 866 3538 fortissime
887 3475 1007 3536 ductori
1031 3507 1072 3518 —

67 3562 151 3623 huno
173 3558 226 3622 tibi
248 3570 416 3640 praeterea,
439 3578 507 3640 spes
529 3571 559 3623 et
579 3559 686 3622 solacia
709 3560 818 3633 nostri,

68 3645 200 3708 Pallanta
221 3645 395 3725 adiungam;
417 3644 472 3705 snb
495 3655 525 3706 te
546 3644 673 3706 tolerare
694 3644 832 3723 magistro
1097 3650 1140 3700 ιιι

154 3846 205 3899 492
224 3844 316 3896 cuades
333 3840 448 3898 uesica
483 3845 635 3915 euedonuy
704 3846 753 3898 512
771 3842 860 3904 fatum
878 3842 949 3912 P¹Ry
954 3843 1002 3893 ἰιι
1021 3839 1092 3892 Serv.
1105 3840 1139 3905 pl.

68 3914 192 3980 indulget
210 3913 249 3965 bn
268 3910 338 3965 Serv.
357 3912 392 3979 pl.
427 3913 551 3978 indulges
568 3912 600 3964 P¹
637 3911 811 3978 indulgentll
