2474 4388
421 225 584 279 Aduumos
602 225 661 281 LIB.
679 226 710 279 ll.

32 402 83 481 qui
105 419 209 462 muros
231 400 394 479 matrisque
416 399 496 461 dedit
516 397 587 472 tibi,
610 398 745 472 Mantua,
770 420 895 475 nomen,

31 486 170 561 Mantua,
192 485 273 548 dives
295 486 370 560 avis;
392 484 444 547 sed
467 503 529 545 non
551 502 647 564 genus
669 484 808 547 omnibns
830 505 938 547 unum:

33 590 107 650 gens
130 571 172 633 illi
193 571 316 652 triplex,
339 569 442 650 populi
464 569 519 631 sub
542 579 631 649 gente
654 571 804 649 quaterni,

34 657 97 737 ipsa
120 665 210 738 capnt
230 656 364 737 populis,
387 655 484 717 Tusco
507 656 543 716 de
566 655 710 734 sanguine
732 655 818 717 vires.

34 742 106 804 binc
128 760 249 822 quoque
270 742 452 821 quingentos
473 740 504 802 in
527 759 559 802 se
581 740 743 802 Mezentius
765 751 872 815 armat,

35 847 111 906 quos
132 837 216 907 patre
236 827 355 889 Benaco
378 826 487 887 velatus
510 825 655 886 arundine
677 826 780 904 glauca

36 913 163 974 Mincius
184 913 290 974 infesta
312 911 439 973 ducebat
460 912 490 973 in
513 928 642 988 aequora
664 911 748 990 pinu.

36 998 57 1059 it
77 998 175 1077 gravis
196 998 332 1060 Aulestes
353 1005 539 1075 centenaque
561 994 669 1057 arbore
691 996 813 1058 lluctum

36 1084 172 1145 verberat
193 1083 372 1161 adsurgens,
394 1091 535 1162 spumant
555 1081 627 1141 vada
650 1099 795 1142 marmore
817 1100 912 1144 verso.

35 1168 117 1229 bunc
139 1169 219 1229 vehit
239 1168 376 1229 immanis
397 1167 503 1228 Triton
528 1175 558 1228 et
579 1166 695 1228 caerula
718 1167 830 1228 concha

34 1263 192 1315 exterrens
214 1255 302 1328 lreta,
325 1253 374 1314 cui
395 1252 521 1314 laterum
543 1260 631 1313 tenus
652 1251 767 1331 hispida
789 1253 871 1313 nanti

33 1342 121 1401 lrons
143 1339 294 1400 bominem
317 1338 464 1418 praefert,
488 1338 518 1398 in
540 1336 655 1417 pristim
679 1337 786 1399 desinit
808 1338 904 1416 alvus,

32 1442 160 1505 spumea
181 1424 318 1486 semifero
341 1423 396 1485 sub
419 1432 541 1503 pectore
563 1432 728 1483 murmurat
749 1423 838 1484 unda.

122 1509 181 1569 'lot
201 1509 270 1570 lecti
291 1526 432 1588 proceres
453 1516 499 1568 ter
522 1506 607 1568 denis
629 1507 753 1570 navibus
775 1508 858 1569 ibant

31 1593 169 1657 subsidio
192 1593 297 1655 Troiae
320 1602 350 1655 et
371 1611 492 1673 campos
513 1591 580 1654 salis
602 1611 669 1653 aere
692 1593 841 1655 secabant.

122 1679 244 1757 lamque
267 1679 330 1741 dies
352 1678 433 1739 caelo
455 1687 644 1738 concesserat
665 1678 799 1757 almaque
822 1698 912 1741 curru

33 1764 195 1842 noctivago
217 1763 336 1825 Phoebe
358 1763 486 1824 medium
509 1762 646 1842 pulsabat
668 1763 842 1843 Olympum:

33 1853 154 1912 Aeneas
175 1850 286 1927 (neque
309 1849 387 1910 enim
410 1847 551 1909 membris
573 1849 622 1908 dat
644 1865 713 1908 cura
738 1848 880 1926 quictem)

34 1936 103 2015 ipse
126 1934 233 1996 sedens
255 1934 427 2012 clavumque
449 1934 526 2012 regit
546 1933 677 2011 velisque
699 1933 855 1994 ministrat.

35 2030 129 2098 atque
152 2019 193 2080 illi
214 2019 312 2080 medio
334 2018 364 2079 in
388 2019 482 2098 spatio
505 2018 630 2089 chorus,
654 2019 736 2079 eccel
761 2037 880 2080 suarum

36 2104 171 2167 occurrit
193 2104 349 2166 comitum:
379 2104 541 2184 nymphae,
566 2115 638 2182 quas
660 2103 734 2164 alma
757 2103 874 2184 Cybebe

38 2209 153 2252 numen
177 2188 286 2251 habere
307 2188 397 2250 maris
420 2189 622 2269 nymphasque
645 2207 661 2248 a
684 2188 807 2251 navibus
829 2209 893 2252 esse

38 2277 182 2349 iusserat,
205 2273 351 2336 innabant
371 2273 484 2354 pariter
505 2274 671 2353 lluctusque
693 2275 848 2348 secabant,

40 2370 116 2441 quot
138 2360 221 2440 prius
243 2367 357 2421 aeratae
379 2367 523 2420 steterant
544 2360 578 2420 ad
602 2358 687 2420 litora
709 2379 826 2440 prorae.

39 2446 229 2525 adgnoscunt
250 2445 340 2525 longe
362 2463 462 2524 regern
484 2444 670 2523 lustrantque
693 2446 818 2508 choreis.

41 2548 169 2610 quarum
190 2548 266 2608 quae
287 2529 367 2591 landi
389 2529 558 2591 doctissima
580 2530 763 2609 Cymodocea

39 2635 122 2696 pone
145 2633 274 2694 sequens
296 2615 397 2676 dextra
419 2615 542 2695 puppim
565 2624 647 2676 tenet
669 2616 790 2697 ipsaque
813 2618 901 2680 dorso

42 2701 155 2762 eminet
177 2718 210 2761 ac
233 2700 312 2761 laeva
334 2700 430 2761 tacitis
452 2699 632 2779 subremigat
654 2703 750 2763 undis.

41 2796 107 2848 tum
129 2786 171 2847 sic
192 2785 328 2865 ignarum
353 2785 538 2864 adloquitur:
565 2779 733 2864 ‘vigilasne,
756 2787 842 2847 deum
866 2804 955 2865 gens,

42 2867 166 2932 Aenea?
194 2871 278 2950 vigila
301 2879 331 2930 ct
351 2870 422 2932 velis
444 2870 569 2931 immitte
592 2870 735 2933 rudentis.

43 2975 101 3017 nos
124 2973 239 3029 sumus,
261 2954 365 3016 Idaeae
387 2973 471 3017 sacro
494 2956 530 3015 de
552 2954 662 3016 vertice
685 2956 788 3035 pinus,

42 3058 129 3103 nunc
150 3040 245 3120 pelagi
268 3041 430 3121 nymphae,
453 3039 555 3102 classis
577 3050 636 3101 tua.
681 3042 811 3121 perfidus
832 3051 866 3102 ut
888 3061 943 3103 nos

45 3124 218 3205 praecipitis
239 3126 318 3186 lerro
342 3125 468 3188 Rutulus
490 3125 667 3204 flammaque
690 3127 858 3207 premebat,

45 3210 182 3290 rupimus
203 3210 310 3271 invitae
332 3219 380 3271 tua
403 3210 519 3272 vincula
542 3221 632 3289 teque
654 3231 709 3292 per
730 3232 842 3293 aequor

45 3295 225 3375 quaerimus.
269 3297 346 3357 hanc
368 3296 503 3376 genetrix
526 3296 631 3358 faciem
653 3298 789 3360 miserata
812 3298 915 3360 reiecit

45 3389 76 3442 ct
98 3381 178 3442 dedit
199 3398 263 3442 esse
285 3381 354 3443 deas
376 3399 538 3459 aevumque
560 3382 671 3459 agitare
692 3385 747 3445 sub
772 3383 869 3446 undis.
1081 3391 1124 3442 235

44 3474 76 3526 at
99 3484 174 3545 puer
195 3466 339 3528 Ascanius
360 3484 446 3526 muro
469 3466 615 3546 fossisque
637 3476 756 3530 tenetur

46 3550 106 3612 tela
128 3551 206 3612 inter
228 3551 322 3613 media
345 3561 432 3630 atque
454 3551 586 3613 ardentis
610 3552 701 3614 llartc
723 3553 854 3616 Latinos.

48 3637 108 3698 iam
130 3636 194 3697 loca
217 3635 294 3698 iussa
318 3644 399 3697 tenet
421 3636 490 3697 lorti
513 3637 676 3716 permixtus
698 3638 823 3700 Etrusco

134 3787 181 3838 lll
200 3788 300 3852 pristin
318 3784 355 3855 Py
444 3788 490 3839 ttt
511 3803 607 3838 nomen
625 3785 674 3858 1³7¹
766 3790 815 3841 2⁴22
835 3789 973 3839 adnabunt
991 3785 1066 3840 Proh.
1085 3800 1125 3835 ars

48 3854 111 3906 min.
131 3855 188 3908 tto,
259 3856 307 3907 tat
328 3856 464 3906 donantis
480 3854 538 3906 libri
557 3871 594 3922 pr.
613 3854 662 3926 1²7¹
674 3856 729 3905 -V
808 3858 856 3910 238
875 3860 965 3907 tenant
982 3852 1125 3906 divisere.

46 3924 161 3988 (praeter
178 3921 236 3980 cod.
254 3922 322 3976 lilor.
343 3928 369 3976 et
386 3921 465 3986 blon.)
484 3920 558 3976 Ribb.
