2474 4388
431 231 591 287 anumnos
609 232 666 288 llll.
684 235 725 288 lx.

42 414 108 466 tum
130 406 223 485 magis
245 405 416 469 increscunt
437 407 543 469 animis
564 406 751 468 discordibus
773 405 834 467 irae

43 499 73 552 et
96 491 154 551 iam
176 491 292 552 collecti
314 492 408 554 Troes
429 493 634 572 glomerantur
656 491 758 552 eodem

43 585 73 637 et
95 577 234 638 conferre
256 594 378 638 manum
400 585 430 638 et
450 594 629 658 procurrere
650 576 769 656 longius
791 577 911 640 audent.
1076 590 1119 642 090

130 661 252 723 Ductori
275 662 378 724 Turno
400 662 514 724 diversa
536 662 567 723 in
590 671 674 742 parte
696 662 806 724 furenti

42 746 235 826 turbantique
257 747 335 809 viros
357 749 505 827 perfertur
527 748 650 809 nuntius
671 748 788 809 hostem

43 833 158 893 fervere
180 833 270 894 caede
292 851 368 894 nove
390 842 419 894 et
440 841 541 913 portas
563 831 706 912 praebere
724 831 864 912 patentis.

43 917 154 979 descrit
174 917 326 997 inceptum
349 925 438 997 atque
459 918 581 979 immani
604 917 739 979 concitus
760 918 805 979 ira

43 1002 221 1064 Dardaniam
243 1002 303 1064 ruit
323 1004 360 1065 ad
382 1013 498 1083 portam
520 1004 686 1082 fratresque
709 1002 863 1082 superbos.
1076 1015 1118 1067 695

43 1096 72 1149 et
94 1087 224 1167 primum
246 1088 426 1167 Antiphaten
450 1089 487 1167 (is
509 1089 587 1150 enim
610 1105 643 1149 se
665 1087 778 1168 primus
799 1088 914 1168 agebat)

43 1171 184 1233 Thebana
207 1173 243 1234 de
265 1183 359 1234 matre
381 1174 506 1236 nothum
529 1172 708 1253 Sarpedonis
730 1173 779 1234 alti

43 1258 180 1319 coniecto
202 1259 309 1320 sternit
330 1259 440 1320 iaculo:
463 1259 541 1320 volat
562 1258 632 1319 ltala
654 1276 765 1320 cornus

43 1353 109 1404 aera
133 1362 187 1423 per
207 1351 347 1405 tenerum
367 1345 580 1423 stomachoque
600 1343 691 1404 infixa
712 1343 768 1405 sub
790 1343 880 1404 altum

43 1437 148 1507 pectus
169 1427 244 1503 abit,
267 1428 364 1490 reddit
385 1448 491 1509 specus
514 1431 569 1490 atri
590 1427 721 1490 volneris
743 1429 853 1490 undam
1075 1442 1119 1492 'tud

42 1522 247 1593 spumantem,
270 1523 301 1575 et
320 1515 379 1575 fixo
402 1515 515 1576 ferrum
538 1515 568 1575 in
592 1514 733 1594 pulmone
755 1514 888 1594 tepescit.

42 1608 105 1658 tum
128 1598 281 1679 Meropem
302 1608 391 1679 atque
413 1599 574 1680 Erymanta
596 1617 702 1673 manu,
725 1609 788 1659 tum
810 1599 917 1660 sternit
931 1600 1118 1680 Aphidnum

43 1692 105 1744 tum
132 1683 226 1744 Bitian
249 1683 403 1746 ardentem
426 1685 518 1746 oculis
540 1684 705 1762 animisque
726 1684 917 1757 frementem,

44 1787 105 1830 non
129 1768 224 1830 iaculo
246 1769 357 1848 (neque
380 1771 460 1831 enim
482 1770 577 1831 iaculo
600 1769 688 1830 vitam
710 1767 758 1829 ille
780 1769 932 1846 dedisset),

43 1854 94 1915 sed
117 1872 258 1934 magnum
280 1854 409 1917 stridens
431 1862 566 1916 contorta
588 1853 735 1934 phalarica
757 1853 838 1914 venit
1076 1867 1119 1918 rue

43 1938 176 2000 fulminis
198 1949 261 2001 acta
283 1942 388 2014 modo,
411 1958 499 2019 quam
523 1957 578 2001 nec
600 1939 659 2000 duo
681 1946 783 1999 taurea
805 1946 887 2017 terga

43 2042 99 2085 nec
122 2023 233 2104 duplici
255 2042 375 2103 squama
398 2025 488 2087 lorica
511 2024 605 2086 fidelis
627 2032 656 2085 et
678 2041 750 2085 auro

42 2110 198 2171 sustinuit:
222 2109 362 2190 conlapsa
384 2120 476 2171 ruunt
496 2110 637 2171 immania
658 2108 799 2170 membra.

41 2193 93 2254 dat
114 2194 201 2256 tellus
223 2195 365 2274 gemitum
388 2205 419 2256 et
440 2196 567 2275 clipeum
590 2213 681 2273 super
703 2194 820 2254 intonat
842 2193 957 2273 ingens.

41 2279 109 2341 talis
131 2279 162 2340 in
184 2279 318 2342 Euboico
342 2281 477 2342 baiarum
500 2280 586 2341 litore
609 2280 758 2360 quondam

41 2383 129 2426 saxea
151 2365 211 2444 pila
232 2365 323 2438 cadit,
347 2367 461 2445 magnis
483 2383 572 2444 quam
593 2364 721 2426 molibus
744 2371 812 2424 ante

41 2458 244 2511 constructam
266 2459 359 2530 ponto
382 2451 508 2525 iaciunt,
532 2451 574 2512 sic
596 2450 645 2511 illa
666 2449 783 2511 ruinam

41 2553 139 2614 prona
160 2536 249 2597 trahit
270 2537 450 2616 penitusque
471 2535 551 2597 vadis
574 2536 660 2597 inlisa
681 2534 844 2607 recumbit;

40 2621 169 2682 miscent
188 2640 221 2682 se
242 2622 334 2682 maria
356 2632 387 2683 et
408 2621 511 2701 nigrae
533 2621 711 2682 attolluntur
733 2622 875 2691 harenae,

40 2715 105 2766 tum
128 2706 227 2767 sonitu
249 2705 394 2788 Prochyta
417 2708 473 2768 alta
495 2706 595 2768 tremit
616 2706 783 2784 durumque
805 2703 902 2765 cubile

40 2790 169 2851 inarime
192 2790 267 2853 loris
288 2792 420 2872 imperiis
440 2793 567 2872 imposta
587 2790 739 2871 Typhoeo.

128 2875 182 2936 llic
203 2877 281 2938 llars
303 2878 485 2957 armipotens
507 2878 637 2938 animum
660 2875 789 2953 virisque
811 2872 923 2934 Latinis

41 2960 153 3021 addidit
174 2971 204 3021 et
224 2962 359 3023 stimulos
381 2963 457 3024 acris
478 2960 533 3024 suh
557 2970 679 3041 pectore
700 2959 789 3021 vertit

40 3045 221 3125 immisitque
246 3046 357 3126 Fugam
379 3047 502 3109 Teucris
525 3056 681 3125 atrumque
703 3044 862 3105 Timorem.

40 3130 174 3210 undique
196 3133 396 3207 conveniunt,
420 3132 560 3212 quoniam
583 3132 648 3192 data
671 3130 755 3210 copia
777 3147 911 3209 pugnae,

40 3215 225 3295 bellatorque
248 3218 346 3278 animo
369 3217 442 3280 deus
464 3218 576 3279 incidit.

40 3300 208 3376 Pandarus,
232 3310 266 3363 ut
287 3305 353 3364 fuso
376 3321 550 3382 germanum
572 3319 699 3382 corpore
721 3300 835 3372 cernit,

40 3395 71 3446 et
94 3404 154 3464 quo
176 3387 213 3448 sit
235 3388 356 3449 fortuna
377 3389 460 3461 loco,
484 3389 534 3467 qui
557 3406 642 3449 casus
664 3394 730 3465 agat
751 3404 814 3459 res,

40 3480 159 3551 portam
181 3472 208 3532 vi
232 3490 338 3553 magna
360 3491 505 3535 converso
527 3472 647 3533 cardine
669 3479 790 3548 torquet

40 3557 170 3618 obnixus
192 3557 257 3619 latis
281 3559 390 3620 umeris
412 3558 580 3637 multosque
602 3572 724 3618 suorum
1075 3564 1117 3614 ‘125

38 3641 199 3705 moenibus
222 3643 358 3706 exclusos
380 3644 454 3705 duro
477 3644 507 3704 in
530 3641 691 3704 certamine
712 3638 836 3716 linquit,

128 3847 178 3899 719
195 3845 331 3898 Furorem
348 3842 380 3894 Ρι
459 3835 995 3897 atlanimoefd¹c¹antmrsuoth.111.
1069 3838 1118 3889 '1²2

39 3913 111 3967 vidit
129 3912 211 3984 Pyb²c
282 3914 330 3966 723
350 3915 409 3978 quio
425 3911 557 3983 Plly¹a¹h²
631 3911 681 3962 '124
698 3905 808 3975 mque]
826 3903 984 4044 multallaiqri
1004 3919 1040 3970 pr.
1058 3903 1083 3957 hl
