2474 4388
445 210 605 264 AENEIDOS
623 211 682 265 LlB.
700 212 751 266 ΧΠ.

53 395 85 448 at
106 387 229 458 fratres,
252 383 383 445 animosa
405 384 533 463 phalanx
554 401 738 464 accensaque
760 385 857 462 luctu,

54 489 126 552 pars
148 468 259 549 gladios
280 469 432 548 stringunt
451 469 603 543 manibus,
625 488 695 550 pars
717 470 826 533 missile
849 473 960 535 lerrum

54 554 225 636 corripiunt
245 554 385 632 caecique
407 564 510 616 ruunt.
554 572 629 633 quos
652 555 767 634 agmina
790 565 894 618 oontm

54 648 241 722 procurrunt
261 639 459 713 Laurentum,
481 640 553 701 hinc
576 640 660 702 densi
681 659 784 703 rursus
806 643 954 705 inundant

55 726 151 788 'l'roes
174 724 359 805 Agyllinique
382 733 411 786 et
432 725 519 805 pictis
541 726 668 788 Arcades
690 727 788 788 armis.

54 811 99 874 sic
122 811 219 872 omnis
241 827 323 871 amor
345 828 424 871 unus
445 809 533 871 babet
555 811 715 873 decernere
737 813 828 874 ferro.

56 896 207 977 diripuere
229 912 308 968 aras,
331 895 354 955 it
375 902 438 956 toto
460 895 577 956 turbida
599 896 680 958 caelo

56 988 218 1061 tempestas
239 980 367 1041 telorum
390 999 424 1041 ac
445 981 560 1042 ferreus
581 981 695 1059 ingruit
716 981 827 1058 imber,

57 1074 247 1145 craterasque
270 1065 411 1143 focosque
433 1065 544 1128 ferunt.
587 1066 662 1147 fugit
684 1067 748 1147 ipsc
769 1066 893 1130 Latinus

57 1151 190 1231 pulsatos
210 1151 343 1212 referens
365 1150 475 1212 infecto
497 1152 616 1213 foedere
638 1152 728 1214 divos.

144 1235 302 1298 lnlrenant
322 1235 371 1296 alii
393 1253 497 1298 currus
519 1246 570 1298 aut
591 1255 717 1316 corpora
739 1238 815 1298 saltu

57 1319 211 1382 subiciunt
232 1320 264 1381 in
287 1339 380 1399 equos
402 1330 431 1383 et
452 1322 562 1384 strictis
585 1322 706 1384 ensibus
727 1323 843 1384 adsunt.

59 1405 212 1486 Messapus
233 1424 332 1486 regem
355 1407 493 1486 regisque
515 1407 633 1488 insigne
654 1417 808 1486 gerentem

59 1491 249 1572 Tyrrhenum
270 1491 411 1553 Aulesten
434 1492 534 1554 aridus
556 1493 740 1555 confundere
763 1494 866 1555 foedus

60 1576 184 1638 adverso
204 1584 353 1657 proterret
375 1595 468 1656 equo,
491 1579 550 1639 ruit
572 1578 620 1639 ille
642 1578 786 1640 recedens

60 1671 91 1723 et
112 1661 202 1722 miser
224 1661 367 1742 oppositis
388 1679 405 1722 a
427 1671 511 1743 tergo
533 1663 691 1724 involvitur
712 1663 771 1724 aris

60 1746 92 1808 in
116 1756 205 1826 caput
225 1747 316 1825 inque
338 1765 466 1810 umeros.
510 1758 539 1808 at
560 1748 688 1809 fervidus
710 1747 824 1809 advolat
845 1748 926 1808 hasta

60 1830 214 1912 Messapus
235 1831 354 1911 teloque
377 1841 512 1893 orantem
533 1833 624 1894 multa
645 1831 749 1893 trabali

62 1916 192 1997 desuper
213 1915 288 1978 altus
310 1936 387 1996 equo
409 1918 536 1997 graviter
557 1918 626 1978 serit
647 1927 735 1996 atque
757 1917 795 1977 ita
817 1917 909 1977 latur:

59 1995 132 2063 ‘boc
153 2000 257 2076 habet,
279 2002 353 2063 haec
374 2003 479 2064 melior
499 2003 613 2083 magnis
635 2004 701 2064 data
723 2002 839 2063 victima
861 1993 956 2064 diris'

61 2095 249 2148 concurrunt
269 2086 333 2148 ltali
354 2088 541 2168 spoliantque
564 2088 688 2149 calentia
709 2087 851 2149 membra.

62 2170 169 2233 obvius
190 2171 356 2234 ambustum
377 2180 489 2234 torrem
512 2173 682 2254 Corynaeus
703 2172 740 2234 ab
762 2191 812 2233 ara

63 2257 188 2337 corripit
209 2265 239 2318 et
259 2257 389 2319 venienti
411 2258 510 2338 Ebyso
532 2259 708 2338 plagamque
729 2258 838 2319 ferenti

63 2350 190 2422 occupat
211 2361 245 2403 os
266 2341 405 2419 dammis3
435 2343 484 2404 olli
505 2343 613 2423 ingens
635 2343 727 2404 barba
748 2343 855 2405 reluxit

64 2427 261 2506 nidoremque
282 2427 416 2489 ambusta
438 2428 532 2503 dedit,
555 2448 645 2510 super
666 2429 729 2508 ipse
751 2438 871 2490 secutus

63 2512 225 2574 caesariem
245 2512 325 2574 laeva
346 2514 456 2575 turbati
479 2514 602 2595 corripit
623 2514 716 2576 hostis

64 2597 270 2677 impressoque
291 2616 372 2677 genu
395 2599 493 2661 nitens
514 2609 612 2661 terrae
634 2598 763 2679 applicat
785 2599 898 2677 ipsum;

63 2682 109 2744 sic
129 2682 224 2762 rigido
247 2682 323 2744 latus
344 2702 416 2745 ense
438 2685 514 2745 ferit.
559 2685 722 2746 Podalirius
743 2683 845 2743 Alsum

64 2776 215 2847 pastorem
236 2768 391 2847 primaque
411 2769 475 2830 acie
497 2788 551 2848 per
573 2770 630 2831 tela
651 2777 789 2830 ruentem

64 2871 138 2915 ense
158 2870 288 2932 sequens
310 2854 390 2915 nudo
413 2854 655 2933 superimminet,
678 2853 727 2913 ille
749 2851 846 2913 securi

64 2937 179 3000 adversi
200 2938 329 3000 frontem
352 2940 477 3001 mediam
499 2947 691 3017 mentumque
713 2937 835 2998 reducta

64 3022 163 3084 disicit
184 3032 214 3084 et
234 3042 338 3105 sparso
360 3025 418 3086 late
440 3024 516 3104 rigat
538 3042 618 3084 arma
641 3040 756 3083 cruore.

65 3107 118 3170 olli
139 3108 213 3170 dura
235 3109 319 3188 quies
341 3110 444 3185 oeulos
466 3118 495 3171 ct
516 3111 631 3171 ferreus
652 3115 739 3186 urget

64 3210 203 3268 somnus,
226 3193 256 3254 in
280 3202 429 3257 aeternam
451 3194 629 3257 clauduntur
650 3193 762 3255 lumina
784 3199 911 3253 noctem.

152 3278 191 3340 At
210 3279 278 3359 pius
299 3280 413 3342 Aeneas
434 3281 567 3342 dextram
589 3278 728 3341 tendebat
748 3278 891 3339 inermem

66 3361 179 3425 nudato
201 3364 297 3444 capite
319 3376 407 3445 atque
429 3385 499 3428 suos
521 3367 649 3427 clamore
671 3363 808 3425 vocabat:

62 3440 140 3527 ‘quo
163 3447 270 3510 ruitis?
292 3469 402 3529 quaeve
424 3451 479 3513 ista
501 3468 610 3531 repens
631 3448 778 3511 discordia
800 3444 915 3526 surgit?

67 3551 86 3593 ο
109 3532 247 3595 cohibete
269 3534 339 3597 irasi
363 3536 453 3598 ictum
476 3537 532 3597 iam
554 3534 659 3597 foedus
681 3543 711 3594 et
734 3551 837 3594 omnes

154 3685 204 3738 285
222 3689 315 3736 aarum
331 3684 422 3738 Hoffm.
440 3685 506 3738 ZdG.
525 3688 600 3749 1854,
619 3685 676 3736 223.
746 3683 794 3735 tat
813 3684 870 3744 out]
888 3677 956 3730 aaut
1027 3680 1075 3732 288
1094 3679 1141 3730 ad·

64 3755 143 3804 etant
152 3751 192 3804 Μ’
260 3754 310 3806 296
328 3755 394 3805 dade
411 3759 438 3805 et
454 3753 480 3804 M
549 3755 598 3806 299
616 3752 706 3803 Ebuso
723 3751 740 3802 l.
759 3747 869 3817 prata,
887 3745 962 3798 Ribb.
1032 3749 1081 3800 300
1099 3746 1142 3797 ittt

64 3820 127 3945 pipp
136 3819 250 3941 ἔρξω
267 3823 336 3940 Μ3119
356 3823 508 3874 conduntur
519 3821 548 3886 P,
566 3821 617 3873 duo
629 3817 823 3884 Rottendorph,
842 3815 916 3868 Ribb.
930 3814 972 3880 (el.
985 3814 1013 3867 G.
1027 3813 1060 3866 lV
1073 3817 1143 3880 496).

122 3979 242 4035 versutus.
959 3970 989 4022 17
