2474 4388
128 203 169 264 80
499 203 528 257 Ρ.
541 202 670 257 vsseuttt
687 202 832 257 Minurus

130 385 263 456 raptatus
285 375 376 455 bigis,
397 385 432 437 ut
453 377 619 455 quondam,
643 385 764 454 aterque
787 385 912 437 cruento

130 461 251 541 pulvere
273 479 386 541 perque
408 461 499 541 pedes
519 462 659 523 traiectus
680 461 741 521 lora
766 460 921 534 tumentis,

130 547 169 624 (ei
191 546 280 620 mibi,
304 547 398 625 qualis
420 547 496 607 erati
520 555 664 626 quantum
686 554 816 608 mutatus
838 545 948 607 abillo

129 631 272 706 Hectore,
295 631 346 709 qui
368 631 444 692 redit
465 633 582 693 exuvias
604 631 725 693 indutus
747 630 851 691 Achilli

129 717 175 777 vel
197 716 330 777 Danaum
353 716 497 796 Phrygios
518 717 661 777 iaculatus
682 716 833 796 puppibus
853 715 961 794 ignisi)

130 801 315 880 squalentem
337 802 459 863 barbam
481 810 510 864 et
532 810 688 864 concretos
711 801 856 880 sanguine
878 801 969 862 crinis

129 887 308 966 volneraque
330 887 378 948 illa
400 906 523 968 gerens,
546 906 622 967 quae
644 887 754 947 circum
777 886 904 965 piurima
926 904 1030 948 muros

130 971 243 1052 accepit
264 972 386 1052 patrios.
429 973 508 1034 ultro
530 974 606 1034 flens
626 972 689 1051 ipse
711 970 832 1033 videbar

130 1057 307 1138 compellare
328 1057 422 1119 virum
446 1068 476 1118 et
497 1067 621 1119 maestas
643 1074 818 1136 expromere
839 1074 941 1117 voces:

127 1136 158 1202 ‘o
182 1142 231 1203 lux
253 1144 431 1217 Dardaniae,
454 1161 522 1222 spes
544 1162 562 1202 o
585 1142 722 1203 fidissima
744 1141 908 1214 Teucrum,

131 1246 206 1306 quae
228 1236 326 1288 tantae
348 1238 472 1288 tenuere
494 1225 617 1288 morae?
639 1227 747 1306 quibus
768 1226 880 1288 Hector
901 1225 937 1287 ab
960 1225 1021 1287 oris

131 1321 298 1391 exspectate
320 1311 424 1374 venis?
446 1322 480 1373 ut
501 1322 530 1373 te
552 1321 619 1392 post
641 1312 730 1372 multa
752 1320 873 1372 tuorum

130 1397 248 1470 funera,
273 1406 340 1476 post
360 1397 456 1459 varios
477 1397 692 1476 hominumque
714 1397 856 1475 urbisque
879 1395 996 1457 labores

130 1482 237 1544 defessi
259 1482 432 1562 aspicimusi
455 1501 530 1562 quae
553 1501 640 1544 causa
662 1483 782 1561 indigna
806 1500 929 1544 serenos

130 1567 256 1628 foedavit
277 1566 394 1630 voltus?
417 1576 467 1628 aut
489 1587 543 1628 cur
563 1569 635 1628 baec
658 1567 779 1628 volnera
801 1558 928 1628 cerno'i’

130 1652 179 1713 ille
202 1653 290 1725 nibil,
314 1672 370 1714 nec
391 1673 439 1714 me
461 1663 654 1732 quaerentem
676 1671 749 1713 vana
771 1660 919 1724 moratur,

131 1738 182 1799 sed
205 1738 332 1816 graviter
353 1738 479 1817 gemitus
501 1739 560 1798 imo
583 1739 619 1799 de
640 1747 760 1817 pectore
782 1739 896 1798 ducens

128 1815 200 1883 ‘beu
223 1824 307 1901 fuge,
331 1833 399 1884 nate
421 1824 491 1898 dea,
514 1833 602 1902 teque
625 1815 682 1884 bis'
708 1823 748 1883 ait
766 1817 861 1902 ‘eripe
883 1821 1017 1885 flammis.

130 1908 222 1969 bostis
244 1908 333 1969 babet
354 1927 470 1983 muros,
493 1909 552 1970 ruit
573 1909 630 1969 alta
653 1927 668 1968 a
691 1907 820 1969 culmine
843 1907 940 1968 Troia.

130 2001 174 2054 sat
196 1994 307 2072 patriae
329 1995 506 2074 Priamoque
528 1995 644 2069 datum;
667 1994 691 2055 si
715 1993 854 2072 Pergama
876 1992 978 2054 dextra

131 2078 250 2140 defendi
271 2089 407 2159 possent,
431 2081 517 2141 etiam
539 2080 595 2141 bac
617 2079 736 2140 defensa
759 2079 894 2139 fuissent.

130 2182 211 2225 sacra
234 2183 362 2243 suosque
385 2166 438 2226 tibi
461 2166 649 2226 commendat
671 2164 758 2224 Troia
780 2163 913 2241 penatis;

129 2250 185 2310 bos
208 2267 280 2328 cape
302 2252 429 2310 satorum
451 2250 589 2323 comites,
611 2250 657 2310 bis
680 2249 796 2309 moenia
819 2266 943 2328 quaere,

130 2352 236 2412 magna
258 2343 409 2412 pererrato
431 2344 541 2395 statues
564 2352 639 2412 quae
662 2334 789 2413 denique
811 2324 925 2411 ponto?

130 2419 172 2479 sic
194 2418 234 2478 ait
255 2428 284 2478 et
305 2418 442 2480 manibus
463 2419 547 2480 vittas
570 2419 744 2498 Vestamque
767 2427 919 2498 potentem

129 2510 342 2581 aeternumque
364 2504 456 2583 adytis
478 2505 563 2564 effert
584 2503 785 2584 penetralibus
806 2504 915 2581 ignem.

217 2588 338 2649 Diverso
361 2589 472 2650 interea
495 2590 659 2651 miscentur
680 2589 797 2650 moenia
819 2589 900 2649 tuctu

130 2682 160 2734 et
182 2674 274 2753 magis
295 2683 383 2754 atque
406 2675 514 2753 magis,
538 2693 715 2754 quamquam
737 2682 851 2735 secreta
873 2672 1003 2751 parentis

129 2760 275 2821 Anchisae
298 2759 404 2821 domus
426 2760 642 2839 arboribusque
664 2761 778 2821 obtecta
801 2758 940 2831 recessit,

130 2844 298 2906 clarescunt
319 2846 435 2907 sonitus
456 2864 665 2925 armorumque
688 2845 801 2924 ingruit
822 2843 940 2904 horror.

130 2931 264 2991 excutior
286 2950 391 2992 somno
415 2940 444 2992 et
466 2931 573 2993 summi
595 2931 709 3010 fastigia
732 2929 802 2991 tecti

131 3033 255 3077 ascensu
277 3035 386 3095 supero
408 3024 497 3096 atque
520 3017 641 3077 arrectis
663 3015 783 3077 auribus
805 3012 904 3074 adsto:

130 3101 160 3162 in
184 3111 313 3178 segetem
336 3101 425 3163 veluti
448 3119 515 3162 cum
537 3102 653 3162 flamma
675 3098 844 3161 furentibus
866 3096 973 3158 austris

129 3185 246 3258 incidit,
269 3194 320 3246 aut
341 3187 462 3266 rapidus
484 3195 625 3248 montano
649 3186 770 3246 flumine
792 3192 911 3245 torrens

129 3271 237 3332 sternit
258 3290 360 3350 agros,
384 3272 489 3333 sternit
511 3281 572 3333 sata
594 3272 669 3332 laeta
692 3270 842 3348 boumque
864 3267 980 3328 labores

131 3356 358 3435 praecipitisque
381 3357 470 3418 trabit
493 3358 593 3430 silvas3
616 3365 714 3437 stupet
736 3354 848 3416 inscius
870 3353 928 3412 alto

130 3441 280 3521 accipiens
301 3441 432 3503 sonitum
454 3443 515 3503 saxi
538 3444 574 3503 de
595 3443 704 3502 vertice
726 3449 836 3519 pastor.
859 3484 866 3498 .
891 3483 897 3498 .

216 3609 293 3729 272!ss
311 3610 374 3662 secl.
391 3609 431 3662 ttt.
450 3608 516 3662 ZdG.
537 3612 609 3674 toto,
622 3611 680 3662 886.
767 3606 843 3688 27de
861 3606 887 3656 iu
905 3603 1021 3671 parentb.
1036 3617 1096 3722 pos.
1114 3601 1204 3663 Goisr,

129 3678 204 3731 Ribb.
222 3677 255 3730 La
276 3716 282 3731 .
307 3679 350 3729 eiii
374 3694 426 3730 non
449 3679 518 3730 item.
623 3680 672 3730 290
691 3676 747 3727 alta
764 3691 830 3729 conr.
849 3672 960 3736 Orvitle,
983 3671 1017 3722 ci.
1055 3685 1109 3723 err.
1127 3670 1164 3739 pl.
1181 3672 1206 3721 et

129 3746 221 3812 Wegu.
240 3745 289 3800 LV.
309 3750 349 3800 72.
391 3747 445 3799 alto
463 3747 530 3810 iibri,
548 3746 623 3798 Ribb.
710 3746 759 3797 292
779 3745 877 3794 dextra
895 3743 945 3791 boo
963 3738 1073 3792 Heiutm.

130 3817 180 3867 305
196 3818 307 3881 gurgite
325 3815 396 3871 Serv.
414 3815 424 3866 t
442 3819 501 3869 566.
605 3816 655 3867 306
673 3816 818 3877 bonumque
841 3809 875 3861 rc
910 3812 1054 3874 bovemque
1072 3806 1151 3861 Ribb.

130 3885 319 3949 bominumque
335 3901 357 3935 π
443 3887 491 3938 307
511 3886 612 3934 ansius
629 3881 704 3933 Beer.
724 3883 798 3944 1885,
816 3881 874 3933 394.
