2286 4394
453 111 614 166 Anuowos
632 111 690 164 LlB.
708 112 751 165 lX.

10 282 183 359 moni
205 303 348 348 croceum
370 285 509 363 linquens
531 285 645 346 Aurora
666 284 778 346 cubile:

64 405 67 424 ι
85 401 89 424 ι
133 371 202 435 sole
226 371 345 443 inluso,
367 368 423 431 iam
447 369 538 431 rebus
559 370 625 431 luce
647 370 765 431 retectis

29 454 861 534 *fflMmmmmmm

97 541 198 617 tat,
221 550 395 620 aeratasque
418 540 496 602 acies
518 540 547 600 in
571 539 683 618 proelia
706 540 784 619 cogit

101 646 188 689 *aare
210 645 294 701 suas,
317 625 466 704 variisque
487 633 599 686 acuunt
620 625 789 687 rumoribus
811 625 878 686 iras.

20 789 28 798 ,
65 745 67 752 1
119 743 122 765 ι
155 713 222 793 ipsa
244 711 369 773 arrectis
393 710 467 790 (visu
490 709 666 786 miserabile)
690 710 720 770 in
744 711 834 772 bastis

41 871 44 874 ¹
93 843 95 847 «
121 798 233 878 ligant
255 796 350 877 capita
374 804 404 857 et
425 795 518 857 multo
540 794 669 856 clamore
691 805 858 875 sequuntur

20 923 43 956 μ
78 907 82 933 ·
132 881 184 944 ali
207 890 238 943 et
258 881 329 943 Nisi.

59 967 220 1043 ,mendae
243 967 309 1028 duri
331 982 486 1027 murorum
509 963 538 1025 in
562 973 646 1043 parte
669 963 788 1025 sinistra

12 1101 15 1123 ,
49 1063 234 1150 'posuere
256 1051 349 1113 aciem
372 1053 454 1127 (nam
476 1050 595 1111 dextera
618 1048 747 1128 cingitur
769 1051 860 1128 amni)

13 1215 14 1219 Ἰ
78 1137 256 1216 gentisque
278 1145 384 1197 teuent
405 1136 499 1197 [ossas
521 1144 550 1196 et
570 1133 702 1195 turribus
724 1133 788 1196 altis

10 1272 14 1279 .
48 1242 51 1253 ⁴
83 1232 142 1285 nt
165 1221 282 1320 maesti;
305 1221 393 1283 simul
415 1238 467 1281 ora
488 1219 583 1282 virum
606 1220 733 1298 praelixa
756 1220 914 1282 movebant

10 1293 134 1370 'lhota
157 1306 248 1369 nimis
268 1306 385 1368 miseris
407 1314 531 1384 atroque
554 1304 675 1365 fluentia
697 1303 775 1365 tabo.

10 1380 74 1511 Ρ.
148 1392 267 1454 Interea
288 1391 422 1472 pavidam
445 1390 571 1452 vobtans
592 1388 715 1469 pinnata
737 1408 800 1487 per.
814 1392 918 1453 urbem

10 1477 184 1595 {tunna
193 1477 283 1538 Fama
304 1476 366 1538 ruit
386 1475 547 1554 matrisque
570 1474 715 1536 adlabitur
737 1475 817 1536 auris

10 1532 195 1644 Euryali.
239 1571 270 1623 at
290 1560 407 1623 subitus
428 1560 553 1622 miserae
576 1559 658 1620 calor
679 1579 744 1621 ossa
768 1561 903 1639 reliquit,

41 1648 183 1710 «excussi
205 1646 341 1708 manibus
363 1645 436 1707 radii
459 1645 651 1724 revolutaque
672 1663 775 1725 pensa.

15 1733 162 1799 evolat
183 1731 285 1794 infelix
309 1741 339 1792 et
360 1731 488 1792 femineo
512 1729 625 1792 ululatu

10 1810 158 1909 msa
180 1835 296 1879 comam
317 1834 420 1878 muros
441 1833 544 1876 amens
565 1827 654 1894 atque
676 1815 792 1894 agmina
814 1833 904 1876 cursu

64 1902 275 1984 ladmonem,
299 1921 360 1963 non
383 1900 566 1973 ibericum,
590 1918 650 1960 nou
675 1899 723 1960 illa
746 1899 848 1979 pericli

19 1986 256 2086 colorumque
278 2003 407 2060 mamor;
438 1985 551 2047 caelum
575 1984 683 2047 debinc
706 1985 858 2063 questibus
881 1985 997 2064 implet:

72 2057 160 2135 bunc
181 2092 237 2153 ego
259 2081 305 2148 te,
328 2070 470 2152 Euryale,
492 2067 629 2149 aspicio‘l
656 2079 729 2131 tune
750 2070 799 2131 ille
821 2079 957 2132 senectae

23 2220 26 2225 .
79 2172 133 2220 tora
155 2176 239 2220 meae
261 2156 395 2236 requies,
418 2155 539 2236 potuisti
562 2154 699 2232 linquere
721 2155 813 2217 solam

19 2244 26 2255 '
77 2240 219 2306 crudelis?
248 2259 305 2303 nec
327 2249 356 2302 te
378 2240 434 2303 sub
456 2248 537 2302 taum
562 2238 692 2319 pericula
715 2241 834 2303 missum

15 2328 21 2345 '
77 2327 162 2390 adfari
184 2336 348 2390 extremum
370 2326 495 2388 miserae
517 2326 585 2386 data
608 2325 692 2405 copia
714 2324 823 2387 matri?

76 2412 145 2488 beu,
168 2422 247 2475 terra
270 2412 371 2492 ignota
394 2410 518 2472 canibus
541 2410 607 2472 data
630 2413 736 2490 pracda
760 2412 872 2474 Latinis

10 2499 249 2579 alitibusque
271 2496 363 2559 iacasl
387 2514 444 2559 nec
466 2505 496 2557 te
518 2504 569 2556 tua
590 2496 697 2557 funere
719 2506 814 2558 mater

10 2580 197 2664 produxi
219 2581 350 2663 pressive
373 2581 476 2643 oculos
497 2590 549 2642 aut
570 2580 689 2643 volnera
712 2582 765 2643 lavi

72 2679 150 2732 veste
173 2677 294 2748 tegens,
317 2665 371 2728 tibi
393 2684 481 2745 quarn
505 2674 610 2727 noctes
631 2667 738 2729 festina
761 2668 881 2746 diesque

72 2753 215 2834 urgebam
237 2763 268 2814 et
287 2751 346 2813 tela
367 2769 453 2814 curas
474 2750 591 2813 solabar
612 2752 707 2812 anilis

72 2858 207 2920 quoq
154 2858 207 2919 seq
209 2834 285 2900 uari
314 2844 366 2898 aut
388 2854 463 2916 quae
486 2854 568 2898 nunc
591 2846 673 2898 artus
695 2837 851 2914 avolsaque
873 2833 1006 2895 membra
1108 2839 1143 2889 4¹¹

70 2936 101 2987 et
122 2926 215 2986 funus
235 2923 367 2984 lacerum
388 2920 476 2983 tellus
498 2919 612 2982 babet‘l
640 2922 698 2983 boc
720 2921 792 2982 mibi
814 2921 850 2982 de
871 2928 917 2994 te,

72 3018 157 3085 nate,
180 3005 296 3070 velers?
325 3007 383 3069 boc
404 3025 470 3068 sum
493 3014 632 3085 terraque
654 3007 788 3086 marique
810 3003 935 3068 secuta?

71 3095 154 3174 figite
176 3112 241 3169 me,
264 3093 288 3156 si
311 3109 369 3171 qua
391 3100 436 3154 est
457 3091 567 3172 pietas,
590 3092 620 3152 iu
644 3111 691 3154 me
714 3094 812 3155 omnia
835 3093 891 3154 tela

68 3179 220 3254 conicite,
244 3198 261 3240 o
283 3177 402 3252 Rutuli,
425 3195 473 3238 me
494 3177 619 3256 primam
642 3176 787 3240 absumite
808 3178 904 3239 ferrol

68 3272 194 3340 cuttu,
216 3281 324 3343 magne
345 3271 431 3342 pater
453 3262 566 3335 divom,
589 3263 731 3325 miserere
752 3274 865 3343 tuoque

72 3349 203 3411 invisum
224 3349 282 3410 boo
305 3346 429 3408 detrude
451 3357 540 3426 caput
562 3347 617 3409 sub
640 3349 760 3410 Tartara
783 3349 858 3422 telo,

73 3583 177 3639 Peerlk.
196 3598 247 3636 om.
265 3597 290 3635 r.
310 3530 413 3637 ml)
437 3584 488 3635 471
507 3583 632 3635 uidebant
649 3581 742 3652 Pya¹c¹
1142 3597 1143 3618 ι

75 3655 153 3719 1888,
170 3656 195 3706 'l
273 3652 325 3704 484
343 3653 470 3702 natrano
487 3648 546 3701 44444Ι
634 3653 683 3704 485
702 3652 764 3703 date
782 3648 887 3701 bleutel.
905 3648 968 3711 lbg
969 3645 1044 3711 ‚.del
1064 3643 1129 3709 Wag

73 3691 180 3778 Lude.
251 3722 302 3774 486
321 3717 619 3782 tetua1flotuPeeuk.
670 3667 1143 3779 roucestssembusx'toneralin.

73 3789 148 3844 Serv.
166 3787 243 3841 Ribb.
330 3790 379 3841 484
399 3786 459 3841 bad
477 3792 573 3852 tranep
592 3792 651 3855 post
671 3789 735 3854 488,
759 3792 788 3840 ut
804 3787 923 3851 iungeret
940 3783 1039 3845 funera
1058 3788 1114 3847 teg
