2474 4388
129 249 170 306 46
501 250 528 304 P.
542 249 669 304 VERGlLl
686 250 830 304 MARONIS

129 422 246 482 moenia
267 423 362 503 prima
383 423 449 484 loco
472 423 538 484 fatis
561 424 711 503 ingressus
733 424 843 502 iniquis

128 507 338 586 Aeneadasque
360 527 426 569 meo
449 527 558 569 nomen
581 510 617 570 de
640 509 761 570 nomine
782 510 874 589 fingo.

214 593 302 654 Sacra
323 593 469 654 Dionaeae
491 594 577 655 matri
599 593 731 672 divisque
752 594 882 655 ferebam

128 676 295 756 auspicibus
317 687 491 759 coeptorum
514 697 638 759 operum
659 697 828 758 superoque
852 680 997 743 nitentem
1171 694 1197 745 tt

128 762 300 824 caelicolum
323 764 386 843 regi
408 763 572 825 mactabam
595 764 625 825 in
648 762 734 824 litore
756 774 882 825 taurum.

127 849 203 909 sorte
224 849 280 910 luit
300 849 381 910 iuxta
403 848 548 924 tumulus,
571 868 630 927 quo
654 867 762 910 cornea
784 868 900 910 summo

127 933 250 1013 virgulta
274 944 303 996 el
323 934 423 996 densis
445 934 599 996 hastilibus
621 933 740 994 horrida
760 943 882 1015 myrtus.

126 1019 237 1080 accessi
259 1020 438 1098 viridemque
461 1018 496 1079 ab
520 1020 609 1079 humo
633 1018 799 1080 convellere
821 1019 921 1080 silvam

127 1114 265 1178 conatus,
289 1105 376 1167 ramis
398 1114 529 1184 tegerem
551 1112 584 1164 ut
604 1103 814 1165 frondentibus
836 1123 914 1166 aras:

125 1191 307 1251 horrendum
331 1198 359 1250 et
380 1189 461 1250 dictu
482 1188 566 1249 video
589 1187 722 1249 mirabile
744 1198 919 1251 monstrum.

127 1293 195 1335 nam
219 1293 292 1352 quae
313 1275 407 1353 prima
430 1272 492 1334 solo
516 1273 609 1354 ruptis
630 1272 779 1335 radicibus
801 1274 889 1336 arbos

125 1358 255 1432 vellitur,
278 1359 348 1420 huic
370 1367 433 1419 atro
456 1357 612 1436 liquuntur
633 1359 778 1438 sanguine
799 1368 898 1438 guttae

127 1453 156 1504 et
178 1453 286 1505 terram
308 1444 378 1505 tabo
400 1443 558 1505 maculant.
603 1444 673 1504 mihi
695 1443 819 1524 frigidus
840 1445 947 1506 horror

126 1528 258 1589 membra
280 1529 375 1608 quatit
396 1528 569 1608 gelidusque
591 1529 652 1590 coit
674 1528 830 1590 formidine
852 1529 981 1609 sanguis.

126 1632 229 1674 rursus
252 1623 281 1675 et
302 1614 422 1676 alterius
443 1614 556 1676 lentum
579 1614 746 1675 convellere
767 1613 864 1675 vimen

125 1700 267 1777 insequor
289 1709 319 1759 et
340 1717 442 1761 causas
464 1699 584 1778 penitus
606 1708 749 1780 temptare
771 1698 903 1762 latentis:

125 1793 188 1845 ater
210 1795 239 1845 et
261 1785 381 1846 alterius
402 1784 536 1863 sequitur
558 1784 594 1845 de
616 1784 727 1845 cortice
749 1785 878 1861 sanguis.

125 1868 215 1930 mulla
238 1888 360 1932 movens
381 1870 480 1931 animo
504 1869 648 1949 nymphas
671 1867 833 1930 venerabar
854 1870 978 1949 agrestis

126 1954 345 2034 Gradivumque
366 1965 495 2036 patrem,
520 1955 628 2016 Geticis
650 1953 702 2032 qui
724 1955 871 2033 praesidet
892 1955 982 2031 arvis,

125 2041 180 2102 rite
203 2042 402 2102 secundarent
422 2041 501 2102 visus
523 2058 671 2118 omenque
693 2038 845 2100 levarent

124 2127 210 2187 tertia
231 2127 282 2188 sed
306 2135 463 2207 postquam
486 2126 595 2186 maiore
617 2123 729 2185 hastilia
752 2124 819 2185 nisu

125 2212 280 2292 adgredior
302 2211 487 2289 genibusque
509 2211 645 2271 adversae
668 2209 803 2270 obluctor
825 2209 970 2284 harenae,

124 2298 258 2376 (eloquar
281 2314 318 2356 an
341 2293 475 2369 sileam‘l)
498 2294 625 2374 gemitus
647 2294 833 2355 lacrimabilis
855 2293 914 2355 imo

123 2382 241 2443 auditur
262 2381 375 2442 tumulo
399 2389 428 2441 et
449 2397 504 2440 vox
527 2378 638 2440 reddita
659 2379 755 2440 fertur
776 2379 811 2440 ad
833 2379 927 2440 auris:
1169 2389 1195 2440 td

120 2460 204 2544 ‘quid
228 2465 382 2538 miserum,
406 2465 521 2536 donea,
543 2461 676 2526 laceras?
698 2464 755 2525 iam
777 2482 866 2544 parce
888 2464 1021 2544 sepulto,

123 2569 212 2630 parce
235 2550 299 2629 pias
320 2550 465 2611 scelerare
487 2566 602 2612 manus.
646 2568 708 2610 non
726 2568 778 2628 ¹me
799 2548 854 2610 tibi
876 2548 963 2610 Troia

124 2645 279 2696 externum
302 2635 369 2696 tulit
391 2644 441 2695 aut
463 2652 553 2695 cruor
574 2633 622 2694 hic
644 2633 680 2694 de
702 2634 800 2714 stipite
822 2645 922 2696 manat

123 2721 208 2799 (beni
231 2721 300 2799 lugo
322 2719 449 2782 crudelis
471 2732 581 2793 terras,
604 2720 674 2798 iuge
695 2719 765 2780 litus
787 2721 931 2794 avamm):

124 2825 192 2867 uam
216 2805 378 2886 Polydorus
400 2823 471 2884 ego;
494 2805 542 2866 hic
565 2805 714 2866 confixum
736 2805 832 2865 ferrea
854 2804 927 2865 texit

122 2892 249 2953 telorum
272 2910 356 2971 seges
378 2900 407 2953 et
428 2890 530 2952 iaculis
553 2890 676 2951 increvit
697 2884 815 2951 acutis'

122 2986 185 3037 tum
207 2995 276 3037 vero
298 2977 421 3056 ancipiti
441 2986 571 3038 mentem
594 2973 751 3035 formidine
773 2992 893 3054 pressus

123 3061 252 3140 obstipui
274 3070 481 3139 steteruntque
503 3078 604 3122 comae
627 3068 656 3120 et
678 3077 733 3119 vox
754 3057 888 3120 lancibus
910 3058 1013 3120 haesit.

207 3147 296 3207 Hunc
319 3146 496 3226 Polydorum
519 3145 583 3205 auri
605 3144 754 3222 quondam
776 3162 844 3205 cum
866 3143 1001 3222 pondere
1023 3161 1133 3224 magno

121 3231 223 3294 infelix
246 3232 377 3292 Priamus
399 3230 499 3291 furtim
521 3229 675 3291 mandarat
695 3229 833 3290 alendum
1168 3238 1196 3289 lc

122 3316 258 3378 Threicio
281 3316 359 3394 regi,
381 3333 447 3376 cum
472 3315 528 3376 iam
551 3314 697 3375 diffideret
718 3313 808 3375 armis

122 3402 284 3464 Dardaniae
307 3399 445 3479 cingique
465 3400 571 3460 urbem
593 3397 747 3460 obsidione
768 3398 888 3460 videret

121 3487 185 3562 ille,
210 3496 242 3547 ut
264 3504 336 3565 opes
357 3486 465 3546 fractae
488 3484 636 3546 Teucrum
658 3493 687 3545 ct
708 3483 839 3544 Fortuna
862 3481 998 3556 recessit,

121 3592 168 3635 res
190 3570 438 3651 Agamemnonias
459 3569 648 3648 victriciaque
669 3587 749 3630 arma
770 3576 889 3630 secutus

120 3661 164 3721 las
187 3676 274 3718 omne
297 3656 461 3735 abrumpit:
485 3655 661 3735 Polydorum
685 3653 844 3715 obtruncat
865 3662 895 3714 et
915 3669 988 3713 auro
1168 3660 1196 3711 tt

120 3744 147 3804 vi
168 3743 288 3822 potitur.
334 3742 403 3821 quid
426 3759 487 3802 non
510 3738 642 3800 mortalia
665 3749 785 3818 pectora
807 3738 904 3816 cogis,

211 3926 241 3977 33
261 3925 376 3991 liquitur
393 3922 471 3977 Bane.
491 3926 565 3990 1887,
584 3925 642 3978 260.
