2286 4394
255 797 325 878 Du
354 797 483 879 VITA
513 789 763 889 POETAE.¹)

51 1013 85 1072 P.
94 1011 239 1090 Vergilius
251 1012 331 1073 hlaro
347 1019 433 1073 natus
448 1019 492 1074 est
504 1011 603 1074 ldibus
615 1011 794 1074 Octobribus
805 1031 830 1074 a.
843 1013 879 1074 ab
891 1032 920 1073 u.
937 1031 962 1073 c.
976 1015 1038 1077 684
1055 1022 1072 1090 ξ
1089 1024 1112 1073 1.

13 1116 90 1178 pago
106 1096 276 1171 Mantuano,
299 1097 347 1158 cui
363 1105 426 1159 tum
444 1115 554 1158 nomen
577 1104 639 1158 erat
653 1097 794 1170 Andes,
817 1098 903 1159 hodie
918 1099 1038 1159 Pietola.

10 1191 50 1244 ter
64 1189 129 1242 erat
143 1182 187 1242 rir
201 1182 339 1255 rusticus,
354 1182 441 1260 blagii
455 1182 574 1244 viatoris
588 1182 674 1243 initio
689 1183 922 1258 mercennarius,
937 1192 1040 1263 postea

29 1267 205 1329 industriam
227 1286 336 1347 gener,
362 1275 456 1328 mater
478 1267 571 1346 Magia
593 1267 784 1346 (cognomine
806 1266 936 1346 Polla‘l),
965 1287 1040 1348 quos
1120 1326 1125 1336 .

25 1353 74 1434 pie
97 1352 189 1413 coluit
211 1360 240 1413 et
261 1353 379 1424 amavit,
406 1352 475 1414 dum
499 1351 616 1431 grandis
639 1360 710 1414 natu
732 1353 836 1414 amisit.

55 1456 82 1498 a.
98 1438 161 1501 696
177 1437 398 1499 Cremonam
421 1438 526 1499 ductus
542 1436 704 1498 litterarum
719 1438 874 1500 elementis
888 1438 1040 1499 imbuitur.

57 1541 83 1583 a.
100 1524 162 1586 699
184 1529 252 1601 toga
274 1522 349 1583 virili
371 1530 487 1602 sumpta
509 1521 759 1583 Mediolanum
781 1524 1005 1602 transgreditur.

55 1607 126 1668 inde
149 1624 220 1668 num
235 1607 386 1687 Neapolim
408 1607 531 1679 venerit,
554 1624 660 1687 parum
675 1615 799 1670 constat.
837 1609 968 1680 luerunt,
991 1609 1041 1686 qui

10 1692 130 1754 rthenio
151 1700 238 1771 poeta
260 1692 301 1753 ibi
322 1693 484 1753 litterarum
504 1690 680 1753 Graecarum
702 1692 841 1770 magistro
865 1710 931 1753 eum
955 1710 1040 1754 usum

10 1797 36 1840 se
58 1777 222 1838 crederent.

55 1880 80 1923 a.
93 1863 152 1925 701
167 1863 202 1923 ad
213 1862 417 1942 persequenda
432 1861 539 1922 artium
553 1859 719 1922 liberalium
736 1861 831 1923 studia
846 1861 993 1921 Romam
1008 1879 1039 1922 se
1058 1869 1075 1936 g
1091 1869 1116 1920 2.

10 1946 105 2009 ntulit.
142 1955 231 2026 atque
253 1947 438 2024 eloquentiae
458 1963 544 2007 causa
559 1945 663 2025 Epidio
680 1946 789 2007 oratori
812 1946 890 2007 dedit
912 1964 1042 2026 operam,

10 2032 23 2094 1
45 2031 123 2112 apud
146 2032 257 2093 iudices
279 2050 341 2092 nou
364 2031 430 2110 plus
459 2049 546 2110 quam
568 2031 659 2092 semel
681 2048 797 2092 causam
825 2031 905 2092 dixit.
942 2049 1042 2091 rerum

10 2129 108 2179 turam
138 2124 171 2177 ut
192 2116 310 2196 penitus
337 2123 532 2195 cognosceret
560 2117 609 2192 (61.
633 2115 725 2177 611.
749 2118 834 2191 490),
863 2114 1042 2176 medicorum

10 2202 189 2280 trologorum
205 2201 537 2280 mathematicorumque
551 2200 733 2280 disciplinam
747 2202 869 2280 accepit,
886 2200 970 2262 cuius
981 2209 1043 2262 stu-

10 2341 11 2347 ,
33 2286 200 2349 testimonia
224 2295 340 2348 exstant
353 2286 385 2346 B.
399 2287 427 2359 3,
440 2289 490 2350 49.
506 2284 629 2358 6132,
644 2288 716 2351 231.
732 2285 856 2349 111478.
871 2287 904 2346 Α.
917 2286 930 2347 l
943 2287 1003 2348 742
1019 2305 1043 2347 s.

10 2372 99 2434 exime
115 2389 184 2432 vero
200 2371 336 2432 Sironem
351 2371 459 2433 audivit
473 2370 681 2450 philosophum
699 2371 887 2451 Epicureum,
903 2371 953 2450 qui
967 2371 1044 2432 idem

10 2465 36 2518 at
52 2456 203 2518 Ciceronis
226 2456 391 2529 familiaris3
414 2457 451 2517 61.
474 2455 580 2535 placita
595 2455 627 2515 B.
644 2458 674 2528 6,
691 2459 741 2520 31.
765 2456 799 2517 6.
815 2456 853 2517 lV
869 2458 940 2520 219.
964 2455 1045 2517 l.v1

10 2546 36 2605 14
51 2561 75 2603 6.
120 2549 208 2620 atque
232 2541 318 2602 etiam
340 2541 395 2602 sub
418 2543 508 2602 linem
530 2541 614 2610 vitae,
637 2542 661 2602 si
679 2542 843 2603 Aeneidem
867 2542 1046 2614 absolvisset,

10 2636 71 2688 tum
93 2626 297 2706 philosophiae
319 2645 350 2687 se
373 2626 481 2687 dedere
503 2625 631 2687 voluisse
652 2626 777 2700 dicitur3
800 2628 837 2686 61.
854 2626 887 2687 G.
903 2626 1006 2690 11475
1022 2646 1045 2688 s.

58 2846 177 2906 Poetioa
191 2847 313 2908 facultas
327 2847 384 2908 iam
400 2848 430 2908 in
446 2866 539 2928 puero
555 2846 700 2926 apparuit.
737 2855 766 2906 61
780 2845 960 2907 adulescenti
974 2864 1045 2925 pro·
1064 2849 1080 2917 §
1096 2857 1120 2908 3.

10 2931 60 2992 mis
82 2930 206 2993 saeculis
226 2930 399 2993 tribuuntur
425 2932 576 3012 complura
603 2929 768 2992 carmina
794 2930 939 2991 minora
968 2929 1048 2991 velut

10 3033 61 3077 rae
84 3015 158 3077 Ciris
181 3015 270 3077 Culex
287 3020 379 3078 Aetna
398 3017 477 3098 Copa
493 3017 648 3090 Moretum,
672 3015 722 3078 sed
745 3034 820 3094 qnae
842 3033 923 3077 nunc
945 3017 1047 3077 terun-

10 3120 41 3174 r,
61 3108 181 3181 praeter
201 3101 318 3180 singula
340 3103 548 3182 epigrammata
572 3121 631 3163 non
655 3100 803 3162 habentur
824 3119 878 3180 pro
901 3100 1048 3179 genuinis,

10 3203 154 3265 tamquam
168 3185 246 3266 Copa
263 3195 292 3247 et
303 3187 447 3248 Moretum
464 3188 525 3249 suis
536 3186 693 3248 virtutibus
709 3205 770 3246 non
787 3194 899 3247 carent.
928 3204 967 3247 ne
978 3185 1048 3246 Cu·

10 3289 36 3331 n
59 3271 187 3350 quidem,
214 3289 273 3350 quo
297 3272 417 3334 nomine
440 3281 556 3335 constat
579 3272 737 3350 Vergilium
761 3290 879 3332 carmen
903 3270 1048 3350 quoddam

11 3356 174 3436 scripsisse,
198 3356 260 3418 eius
282 3356 402 3437 ingenio
424 3358 539 3419 videtur
561 3376 625 3419 esse
648 3357 778 3435 dignum.

61 3440 153 3502 Roma
177 3459 235 3520 quo
258 3460 337 3504 anno
353 3444 473 3504 domum
496 3443 614 3504 redierit
628 3441 671 3516 V,
694 3460 749 3520 pro
767 3449 848 3503 66116
864 3440 921 3502 diei
937 3441 1050 3519 nequit.

64 3610 88 3673 1)
114 3605 241 3663 Plurimae
267 3624 322 3675 res,
349 3625 455 3677 quarum
484 3614 573 3660 auctor
599 3623 650 3661 non
676 3608 806 3673 laudatur,
832 3608 900 3661 vitae
926 3607 1050 3660 debentur
1104 3588 1109 3597 ⁵

10 3675 151 3741 inalienare,
180 3693 256 3745 quam
279 3682 340 3747 post
363 3676 599 3730 Reifferscheidinm
623 3675 739 3740 (Sueten.
757 3693 782 3743 p.
801 3679 834 3729 54
851 3678 882 3741 s.)
905 3691 936 3728 ex
959 3675 1016 3728 cod.
1035 3692 1052 3727 a

10 3743 278 3878 pipgpptippirpp4esdidit
295 3746 324 3799 ll.
341 3746 464 3815 Hagen,
491 3745 593 3798 Scholia
616 3744 754 3797 bernensio
774 3746 852 3809 1861,
870 3747 900 3798 61
920 3759 940 3798 s.
958 3767 992 3786 =
1009 3742 1052 3796 Ji.
