2286 4394
468 108 628 162 nuufflbos
647 111 705 164 ΠΒ.
719 111 782 165 VIII.

15 278 198 359 uuida,
221 282 266 343 dis
287 281 396 356 invisa,
419 299 569 362 superque
591 282 719 343 immane
741 283 911 345 barathrum

20 364 233 440 amatur,
257 365 408 446 trepident
428 367 560 428 immisso
582 366 694 428 lumine
717 385 827 430 manes.

19 438 147 541 §rgo
169 453 319 532 Insperata
342 451 523 531 deprensum
546 452 576 513 in
600 451 666 513 luce
688 461 811 533 repente

23 518 282 621 gnerusumque
306 554 376 597 cavo
399 555 470 597 saxo
493 545 581 615 atque
603 537 720 598 insueta
742 537 897 599 rudentem

25 608 204 702 ‘desuper
225 621 341 683 Alcides
362 621 430 682 telis
450 621 558 701 premit
581 622 739 701 omniaque
762 641 842 683 arma

33 700 199 779 janvoeat
219 715 250 769 et
270 706 360 767 ramIs
383 706 530 785 vastisque
552 707 713 768 molaribus
735 708 833 769 Instat.

31 776 120 850 ·ille
146 800 244 854 antem
266 793 378 870 (neque
400 791 480 852 enim
502 791 571 870 luga
593 791 651 851 iam
674 810 766 871 super
786 793 845 854 ulla
868 794 985 874 pericli)

32 864 209 957 qhncibus
230 877 383 955 Ingentem
406 877 520 937 fumum
543 876 687 952 (mirabile
709 877 802 954 dictu)

36 963 183 1045 phromit
203 961 383 1040 involvitque
405 960 526 1022 domum
548 961 673 1040 caligine
696 979 782 1023 caeca

38 1054 47 1101 t
95 1055 266 1127 respectum
289 1045 420 1125 eripiens
442 1045 536 1107 oculis
556 1045 760 1125 glomeratque
781 1046 836 1109 sub
859 1056 945 1109 antro

86 1131 240 1192 unitorum
263 1139 381 1192 noctem
404 1129 570 1192 commixtis
592 1132 662 1210 igne
684 1131 825 1194 tenebris.

53 1220 138 1277 [non
160 1216 227 1278 tulit
248 1215 365 1277 Alcides
387 1215 493 1276 anImis
515 1233 606 1294 seque
628 1216 692 1295 ipse
714 1235 768 1296 per
790 1217 889 1295 ignem

72 1301 227 1380 Praecipiti
249 1301 319 1362 iecit
340 1299 431 1374 saltu,
456 1318 514 1379 qua
536 1299 682 1380 plurImus
703 1301 813 1361 undam

77 1376 172 1448 fumus
193 1385 253 1465 agit
276 1385 444 1464 nebulaque
466 1385 573 1464 ingens
594 1403 701 1465 specus
723 1395 835 1448 aestuat
857 1397 928 1448 atra.

52 1470 55 1477 '
77 1455 126 1530 hic
145 1469 252 1532 Cacum
275 1471 305 1531 In
330 1469 463 1531 tenebrIs
484 1469 621 1531 incendia
643 1488 716 1531 vana
738 1481 905 1533 vomentem

82 1555 197 1635 corripit
218 1555 249 1617 in
274 1555 386 1616 nodum
409 1554 582 1634 complexus
604 1562 632 1615 et
654 1555 737 1634 angit
757 1556 916 1618 inhaerens

37 1626 50 1711 I
82 1636 161 1701 elisos
182 1640 285 1701 oculos
306 1648 336 1700 et
356 1640 469 1701 siccum
491 1641 636 1719 sanguine
657 1649 769 1719 guttur.

18 1716 45 1817 ᾖ
82 1724 213 1801 panditur
235 1724 381 1804 extemplo
404 1723 520 1786 loribus
540 1724 646 1787 domus
668 1732 730 1785 atra
752 1724 874 1787 revolsIs

30 1822 41 1857 τ
81 1807 296 1890 abstractaeque
318 1810 409 1871 boves
431 1808 639 1888 abiurataeque
661 1811 782 1890 rapinae

24 1860 38 1969 f
81 1895 153 1956 caelo
176 1896 376 1957 ostenduntur
396 1894 582 1974 pedibusque
603 1895 731 1955 iniorme
753 1894 876 1954 cadaver

21 1972 33 2043 I
76 1981 262 2058 protrahitur.
307 1987 463 2058 nequeunt
484 1979 595 2059 expleri
617 1981 706 2041 corda
728 1979 840 2041 tuendo

19 2050 26 2115 I
78 2064 214 2126 terribilis
236 2064 354 2136 oculos,
376 2064 487 2126 voltum
509 2064 668 2144 villosaque
691 2065 778 2126 saetis

13 2170 20 2211 r
76 2159 192 2230 pectora
215 2150 343 2212 semiferi
366 2158 456 2228 atque
478 2150 641 2211 exstinctos
662 2149 797 2211 saucibus
819 2149 905 2228 ignis.
928 2180 970 2193 -·

75 2253 108 2296 ex
129 2235 179 2296 iIIo
202 2235 368 2297 celebratus
389 2235 486 2296 honos
508 2234 635 2314 laetique
656 2235 789 2297 minores

10 2338 14 2351 ·
73 2337 224 2382 servavere
245 2320 322 2381 diem
345 2319 519 2399 prImusque
541 2319 666 2381 Potitius
689 2328 792 2381 auctor

73 2413 101 2466 et
121 2407 228 2467 domus
250 2405 388 2466 Herculei
411 2412 512 2466 custos
534 2404 651 2465 Pinaria
673 2405 759 2467 sacri.

71 2490 147 2552 hanc
170 2508 250 2551 aram
273 2491 340 2551 luco
362 2489 478 2563 statuit,
501 2507 576 2568 quae
599 2490 724 2551 maxima
746 2507 864 2568 semper

71 2575 186 2637 dicetur
208 2575 295 2637 nobis
317 2584 347 2636 et
368 2573 425 2636 erit
446 2592 520 2654 quae
542 2575 666 2636 maxima
690 2593 816 2655 semper.

71 2678 162 2738 quare
187 2659 279 2738 agite,
303 2678 321 2720 o
342 2659 479 2733 iuvenes,
503 2667 651 2721 tantarum
673 2660 704 2720 in
728 2676 852 2720 munere
874 2657 993 2718 laudum

70 2745 181 2824 ciugite
203 2745 311 2806 fronde
333 2760 433 2806 comas
455 2752 486 2805 et
506 2745 611 2825 pocula
635 2745 751 2825 porgite
773 2743 882 2804 dextris

17 2784 27 2891 I
69 2846 320 2910 communemque
342 2837 444 2890 vocate
466 2830 553 2890 deum
577 2839 607 2890 et
628 2830 695 2890 date
716 2829 783 2890 rina
804 2821 961 2888 volentes.’

22 2920 30 3043 q
69 2915 196 2988 dixerat,
220 2914 364 2976 Herculea
386 2913 501 2975 bicolor
523 2931 590 2976 cum
613 2914 743 2995 populus
763 2912 867 2973 umbra

68 2999 234 3078 velavitque
256 3017 355 3061 comas
376 2998 513 3078 foliisque
535 3000 643 3060 innexa
664 2997 807 3080 pependit

23 3058 28 3161 1
68 3095 97 3145 et
120 3102 206 3146 sacer
227 3084 357 3163 implevit
378 3085 511 3146 dextram
534 3085 672 3164 scyphus.
717 3083 799 3144 ocius
823 3099 926 3143 omnes

67 3171 97 3230 in
123 3186 257 3230 mensam
279 3169 347 3231 laeti
369 3169 463 3231 libant
483 3169 624 3248 divosque
646 3177 816 3249 precantur.

154 3253 272 3315 Devexo
294 3254 407 3316 interea
428 3254 552 3334 propior
573 3255 606 3314 iit
628 3253 740 3335 Vesper
763 3252 897 3333 Olympo.

66 3339 185 3418 iamque
207 3338 376 3401 sacerdotes
398 3339 572 3419 primusque
593 3338 719 3400 Potitius
740 3338 825 3398 ibant

66 3423 196 3503 pellibus
218 3425 248 3485 in
272 3442 387 3485 morem
408 3424 500 3486 cincti
522 3424 712 3505 flammasque
734 3423 877 3484 ferebant.

8 3592 10 3597 ·
153 3576 205 3628 246
223 3572 450 3640 trepidantquefl
485 3574 669 3640 trepidentque
688 3573 778 3637 Wagn.
871 3573 918 3621 241
939 3572 968 3618 in
986 3581 1037 3618 om.
1055 3564 1131 3634 llI¹Py

8 3658 15 3694 t
65 3641 143 3696 Bibb.
216 3644 265 3695 tot
283 3644 380 3694 iniecit
395 3640 499 3712 Pynleoi
568 3644 615 3694 261
636 3643 735 3693 elidens
751 3631 896 3704 ‘multi’ep
910 3637 981 3687 Serv.
1017 3634 1140 3712 eliditqu

83 3724 140 3777 rop.
159 3709 200 3766 ut
279 3713 327 3763 ‘l'll
347 3713 434 3761 statui
451 3708 609 3775 Pomponius
628 3709 734 3769 Laetum
754 3707 785 3759 de
803 3721 830 3757 re
848 3705 880 3757 cI.
894 3702 1072 3754 Weissenborn
1090 3702 1142 3755 Lrv.

64 3725 120 3843 II,
133 3781 173 3834 11.
245 3776 321 3844 11112
341 3777 425 3831 damn.
438 3776 535 3846 Ileyne.
606 3781 655 3830 111
673 3775 783 3840 innexa]
801 3776 918 3825 immisso
937 3771 1035 3823 Probus
1048 3773 1088 3835 46,
1104 3773 1134 3823 18

943 3856 990 3910 tt*
