2286 4394
87 239 127 301 36
451 239 481 296 P.
495 239 622 294 vnueur
638 239 784 296 ulubris

87 433 154 476 cum
176 413 297 475 stabulis
319 422 449 475 armenta
472 414 567 475 trabit.
611 414 669 476 ridi
690 414 754 495 ipse
776 415 925 477 furentem

88 498 175 561 caede
197 498 423 578 Neoptolemum
446 499 639 579 geminosque
661 499 692 560 in
714 499 816 560 limine
838 501 971 577 Atridas,
1103 511 1135 563 uo

85 584 142 644 vidi
164 584 314 646 Hecubam
337 592 517 662 centumque
538 603 632 646 nurus
652 584 861 664 Priamumque
883 604 939 667 per
959 606 1023 650 aras

85 669 230 748 sanguine
251 670 435 744 foedantem,
458 687 534 748 quos
553 670 616 749 ipse
638 679 815 744 sacraverat,
837 671 925 750 ignis.

87 754 301 835 quinquaginta
322 755 363 816 illi
384 754 519 828 thalami,
541 774 609 836 spes
630 763 711 816 tanta
734 764 894 836 nepotum,

86 839 241 902 barbarico
262 849 363 921 postes
384 858 456 902 auro
478 839 639 920 spoliisque
660 839 782 919 superbi
876 889 880 896 .

86 925 289 1006 procubuere;
311 934 416 987 tenent
436 924 546 997 Danai,
569 943 626 1004 qua
648 925 746 987 deficit
767 926 852 1005 ignis.
1102 933 1134 986 111

171 1011 306 1074 Forsitan
330 1020 374 1086 et,
397 1010 505 1071 Priami
527 1010 638 1070 fuerint
659 1028 735 1089 quae
756 1011 830 1087 fata,
853 1012 995 1091 requiras.

87 1096 170 1158 urbis
193 1098 234 1159 uti
257 1104 358 1176 captae
379 1113 480 1158 casum
502 1095 699 1175 convolsaque
721 1095 791 1157 vidit

86 1182 188 1243 limina
210 1191 356 1243 tectorum
378 1189 408 1241 et
428 1180 557 1241 medium
578 1180 609 1240 in
632 1180 833 1260 penetralibus
854 1181 986 1256 hostem,

87 1284 167 1327 arma
189 1266 239 1328 diu
261 1266 362 1328 senior
383 1264 502 1326 desueta
524 1265 720 1328 trementibus
741 1284 812 1327 aevo

87 1352 250 1412 circumdat
272 1350 451 1430 nequiquam
473 1349 584 1411 umeris
607 1358 637 1412 et
657 1350 762 1412 inutile
784 1352 896 1414 ferrum

88 1435 217 1513 cingitur
239 1454 273 1498 ac
294 1436 402 1497 densos
423 1436 517 1496 fertur
538 1435 699 1497 moriturus
719 1436 750 1497 in
774 1436 876 1498 hostis.

88 1520 209 1583 aedibus
231 1522 261 1582 in
282 1520 386 1582 mediis
408 1520 547 1600 nudoque
568 1520 625 1582 sub
646 1520 773 1582 aetheris
794 1539 847 1582 axe

88 1607 194 1686 iugens
216 1624 266 1667 ara
287 1606 344 1667 fuit
365 1605 504 1686 iuxtaque
526 1605 680 1667 veterrima
701 1606 801 1668 laurus

88 1690 265 1753 incumbens
286 1710 353 1753 arae
374 1699 464 1769 atque
485 1690 590 1751 umbra
611 1690 763 1769 complexa
785 1690 916 1770 penatis:

87 1775 135 1837 bie
158 1776 279 1837 Hecuba
302 1786 331 1837 et
352 1784 437 1837 natae
460 1775 640 1854 nequiquam
662 1776 762 1837 altaria
784 1775 914 1849 circum,
1105 1776 1137 1832 115

88 1861 265 1942 praecipites
286 1871 348 1923 atra
371 1880 425 1923 ceu
446 1869 620 1941 tempestate
643 1859 812 1935 columbae,

89 1947 257 2009 condensae
279 1956 309 2009 et
330 1947 426 2008 divom
449 1946 597 2027 amplexae
619 1945 775 2008 simulacra
795 1946 946 2008 sedebant.

89 2032 205 2117 ipsum
207 2042 305 2094 autem
326 2033 451 2112 sumptis
471 2032 621 2093 Priamum
641 2031 825 2094 iuvenalibus
845 2032 934 2094 armis

89 2127 123 2179 ut
143 2104 260 2193 vidi't,‘
264 2137 339 2216 quae
361 2136 446 2180 mens
468 2128 526 2178 tam
549 2117 627 2186 dira,
650 2116 815 2178 miserrime
838 2116 983 2191 coniunx,

90 2200 206 2282 inlpulit
227 2204 272 2264 his
294 2204 374 2282 cingi
396 2199 483 2265 telis?
505 2210 555 2262 aut
577 2220 636 2280 quo
659 2193 756 2262 ruis?
780 2201 886 2281 inquit

87 2281 161 2349 ‘nou
184 2288 235 2349 tali
256 2288 363 2348 auxilio
386 2305 443 2348 nec
464 2284 671 2348 defensoribus
692 2286 755 2348 istis

89 2382 206 2452 tempus
228 2380 309 2451 eget,
332 2391 411 2445 uon,
434 2370 459 2431 si
480 2370 543 2450 ipse
565 2389 648 2433 meus
670 2390 752 2433 nunc
774 2371 889 2432 adforet
910 2371 1030 2433 flector.

91 2458 149 2517 huc
170 2456 289 2517 tandem
311 2455 458 2517 concede:
482 2455 552 2517 baec
575 2474 625 2517 ara
645 2456 778 2518 tuebitur
799 2457 911 2531 omnis,

89 2550 140 2602 aut
160 2541 287 2602 moriere
310 2535 421 2602 simul’
468 2540 510 2602 sic
533 2559 584 2602 ore
606 2542 693 2603 ellata
714 2543 827 2622 recepit

90 2627 126 2687 ad
148 2645 212 2688 sese
234 2634 263 2687 et
284 2643 365 2687 sacra
388 2626 561 2705 longaevum
584 2626 614 2689 iu
637 2628 706 2689 sede
727 2627 841 2689 locavit.

175 2711 252 2772 Ecce
274 2719 372 2772 autem
395 2711 511 2790 elapsus
533 2711 637 2792 Pyrrhi
659 2712 695 2774 de
718 2713 806 2774 caede
828 2711 953 2784 Polites,

90 2815 169 2858 unus
190 2805 327 2857 natorum
349 2796 473 2871 Priami,
497 2815 552 2877 per
572 2797 644 2874 tela,
667 2816 721 2878 per
740 2797 834 2859 hostis

89 2882 251 2963 porticibus
273 2881 370 2961 longis
391 2882 466 2961 fugit
488 2891 517 2944 et
537 2901 627 2944 vacua
648 2883 720 2943 atria
742 2883 847 2944 lustrat

90 2968 216 3029 saucius.
260 2966 343 3027 illum
364 2968 472 3030 ardens
492 2968 600 3030 infesto
621 2969 742 3030 volnere
763 2967 894 3048 Pyrrhus

90 3053 272 3131 insequitur,
295 3051 352 3113 iam
375 3053 491 3132 iamque
512 3071 602 3114 manu
624 3061 706 3114 tenet
727 3064 757 3114 et
779 3051 886 3132 premit
907 3052 1000 3113 basta.

91 3146 124 3198 ut
145 3137 263 3198 tandem
286 3146 355 3198 ante
378 3138 480 3200 oculos
502 3137 593 3199 evasit
614 3146 643 3198 et
664 3156 716 3198 ora
738 3146 912 3216 parentum,

91 3222 222 3283 concidit
243 3240 276 3283 ac
298 3223 390 3283 multo
413 3222 499 3283 vitam
522 3240 589 3282 cum
612 3223 756 3301 sanguine
777 3222 861 3284 fudit.

90 3308 139 3369 hic
162 3307 312 3382 Priamus,
335 3325 512 3386 quamquam
535 3307 565 3367 in
588 3306 761 3368 medianam
784 3317 879 3368 morte
901 3316 1036 3383 tenetur,

92 3412 153 3454 non
177 3402 276 3454 tamen
300 3392 440 3454 abstinuit
462 3410 519 3453 nec
540 3392 604 3453 voci
626 3392 745 3494 iraeque
766 3392 912 3472 pepercit:

89 3471 132 3539 ‘at
153 3477 206 3539 tibi
228 3496 283 3556 pro
305 3472 443 3550 scelere',
466 3470 635 3538 exclamat‘
639 3495 693 3556 pro
717 3477 823 3539 talibus
844 3477 922 3540 ausis

92 3564 137 3639 di,
159 3564 183 3624 si
206 3582 264 3642 qua
286 3571 329 3625 est
351 3562 431 3624 caelo
453 3562 563 3642 pietas,
586 3581 661 3641 quae
683 3563 750 3624 talia
772 3572 870 3637 curet,

93 3612 262 3727 persolvant
283 3658 379 3728 grates
400 3647 503 3727 dignas
525 3658 554 3709 et
576 3648 704 3727 praemia
727 3650 851 3710 reddant

93 3785 297 3796 -—-——-—

178 3852 226 3903 503
247 3855 330 3915 touta]
355 3867 408 3902 am·
432 3849 452 3900 P
486 3849 615 3919 amploy
619 3849 719 3905 ¹Ribb
822 3852 871 3903 508
894 3850 990 3901 mediis
1013 3848 1101 3922 P¹y¹e3
1126 3865 1141 3902 c

93 3915 164 3969 Seru.
251 3920 300 3972 516
318 3921 446 3986 ancipites
463 3917 571 3973 lleidtm.
