2474 4388
457 234 616 288 AENEIDOS
635 234 692 290 LlB.
702 235 743 287 lll.

59 406 178 487 quique
199 407 368 468 sacerdotes
390 406 476 480 casti,
499 407 568 467 dum
592 407 648 467 vita
671 406 824 480 manebat,

61 491 178 573 quique
200 491 241 571 pii
262 501 342 554 vates
365 500 394 553 et
415 492 535 552 Phoebo
558 492 645 570 digna
668 491 774 562 locuti,

61 578 202 638 inventas
224 586 274 637 aut
296 577 346 656 qui
369 577 455 637 vitam
478 577 633 637 excoluere
655 595 709 655 per
731 578 816 650 artis,

64 661 178 741 quique
199 662 245 723 sui
266 680 413 722 memores
434 662 548 740 aliquos
570 663 667 722 iecere
689 662 831 723 merendo
838 681 846 737 ;

65 746 207 808 omnibus
229 746 274 808 bis
296 749 379 808 nivea
403 747 564 826 cinguntur
585 759 719 825 tempora
741 747 819 807 vitta.

65 851 145 912 quos
165 831 360 894 circumfusos
383 832 425 892 sic
447 840 493 892 est
513 833 607 892 adlata
629 831 752 912 Sibylla,

65 919 218 979 Musaeum
240 926 309 978 ante
332 916 428 978 omnis
450 917 587 992 (medium
612 935 679 976 nam
702 916 827 994 plurima
849 917 935 978 turba

65 1004 149 1064 bunc
171 1001 259 1063 babet
281 1010 369 1080 atque
392 1001 501 1063 umeris
523 1010 684 1063 exstantem
707 1001 831 1080 suspicit
852 1001 944 1080 altis):

63 1081 181 1158 ‘dicite,
204 1087 304 1148 felices
326 1087 456 1160 animae,
479 1097 587 1166 tuque,
611 1087 720 1166 optime
743 1095 836 1159 vatem

66 1191 144 1252 quae
166 1172 247 1252 regie
269 1172 435 1244 Anchisen,
458 1172 524 1251 quis
546 1170 635 1231 babet
656 1169 762 1232 locus?
790 1171 867 1232 illius
890 1191 960 1252 ergo

64 1258 202 1319 venimus
225 1266 254 1318 et
274 1275 403 1336 magnos,
420 1256 510 1317 Erebi
531 1256 710 1317 tranavimus
731 1252 849 1318 amnis?

65 1352 156 1422 atque
177 1342 247 1403 huic
268 1360 445 1422 responsum
468 1342 569 1421 paucis
591 1342 630 1402 ita
652 1341 778 1402 reddidit
799 1343 901 1404 heros:

60 1423 152 1489 ‘nulli
174 1434 254 1488 certa
276 1427 396 1501 demus;
424 1427 499 1488 lucis
520 1426 684 1487 habitamus
707 1427 806 1506 opacis

65 1514 257 1592 riparumque
278 1521 361 1573 toros
383 1520 412 1573 et
433 1519 516 1592 prata
539 1512 669 1572 recentia
692 1511 761 1573 rivis

67 1597 233 1659 incolimus.
278 1599 327 1658 sed
350 1616 417 1670 vos,
440 1596 464 1658 si
486 1597 544 1656 lert
565 1597 602 1656 ita
625 1596 715 1657 corde
736 1596 886 1670 voluntas,

65 1685 125 1744 hoc
146 1690 282 1762 superate
304 1682 421 1760 iugum,
444 1690 473 1742 et
494 1681 571 1742 facili
594 1681 651 1741 iam
672 1682 788 1742 tramite
811 1679 935 1743 sistam'

66 1769 141 1830 dixit
162 1775 191 1827 et
213 1774 281 1828 ante
304 1767 370 1828 tulit
390 1785 525 1845 gressum
547 1784 726 1845 camposque
749 1767 871 1828 nitentis

66 1854 195 1932 desuper
217 1860 360 1925 ostentat3
388 1851 496 1912 debinc
518 1869 632 1912 summa
654 1851 807 1912 cacumina
829 1851 977 1932 linquunt.

153 1938 189 1997 At
210 1946 296 2016 pater
317 1936 459 1998 Anchises
480 1937 600 2016 penitus
623 1936 753 1997 convalle
774 1937 881 1997 virenti

66 2023 195 2084 inclusas
216 2021 328 2082 animas
349 2040 549 2101 superumque
571 2022 606 2081 ad
629 2021 728 2082 lumen
752 2021 844 2083 ituras

65 2106 210 2169 lustrabat
230 2105 327 2168 studio
349 2107 484 2168 recolens
505 2104 683 2185 omnemque
705 2125 826 2167 suorum

66 2193 144 2253 sorte
166 2190 339 2253 recensebat
360 2208 516 2252 numerum
539 2209 682 2270 carosque
705 2202 829 2269 nepotes

63 2279 180 2356 lataque
202 2277 395 2355 fortunasque
417 2275 512 2337 virum
534 2295 691 2355 moresque
713 2295 888 2357 manusque.

34 2395 39 2439 t
64 2363 149 2441 isque
170 2361 222 2422 ubi
243 2360 415 2422 tendentem
437 2363 591 2423 adversum
612 2379 667 2440 per
689 2362 820 2441 gramina
842 2362 913 2424 vidit

44 2451 200 2527 aenean,
223 2446 328 2509 alacris
348 2446 460 2526 palmas
481 2456 621 2526 utrasque
642 2447 782 2518 tetendit,

47 2532 233 2611 ···.eousaeque
255 2531 339 2610 genis
361 2532 497 2593 lacrimae
520 2540 549 2593 et
570 2551 626 2593 vox
649 2531 755 2593 excidit
777 2551 842 2592 ore:

59 2613 179 2678 ‘venisti
201 2624 212 2676 t
327 2663 335 2692 ,
357 2626 467 2696 tuaque
490 2625 657 2697 exspectata
679 2618 796 2696 parenti

62 2701 133 2762 vicit
153 2702 230 2762 iter'
251 2719 337 2762 urum
359 2700 473 2780 pietas?
501 2702 587 2762 datur
609 2720 659 2762 ora
681 2702 773 2775 tueri,

64 2795 149 2860 nate,
171 2796 220 2847 tua
243 2794 274 2846 et
295 2794 380 2848 notas
402 2787 503 2849 audire
525 2795 555 2847 et
575 2787 700 2847 reddere
722 2783 831 2847 voees?

62 2871 107 2932 sic
129 2871 266 2950 equidem
287 2869 430 2933 ducebam
452 2872 551 2933 animo
574 2871 719 2951 rebarque
741 2871 873 2931 futurum

61 2967 197 3035 tempora
217 2955 408 3018 dinumerans
416 2975 425 3031 ;
448 2975 504 3017 nec
526 2975 573 3018 me
595 2974 660 3017 mea
682 2974 753 3017 cura
774 2955 885 3016 fefellit.

62 3059 137 3120 quas
159 3059 214 3120 ego
237 3049 267 3101 te
289 3050 382 3102 terras
405 3051 434 3102 et
456 3050 565 3121 quanta
587 3060 641 3121 per
663 3059 791 3119 aequora
812 3048 928 3101 vectum

62 3126 191 3205 accipiol
221 3125 340 3204 quantis
361 3127 514 3199 iactatum,
537 3136 621 3200 nate,
643 3126 777 3205 periclisl

61 3228 152 3290 quam
173 3210 281 3284 metui,
305 3229 343 3272 ne
367 3212 436 3290 quid
458 3212 567 3293 Libyae
588 3212 642 3272 tibi
664 3229 755 3290 regna
780 3205 951 3272 nocereutl'

61 3294 111 3359 ille
133 3304 245 3356 autem:
271 3289 335 3357 ‘tua
357 3315 420 3371 me,
443 3297 576 3377 genitor,
599 3307 649 3357 tua
669 3297 762 3358 tristis
784 3297 879 3375 imago

60 3381 179 3460 saepius
201 3398 363 3444 occurrens
383 3382 456 3444 baec
478 3382 579 3443 limina
600 3382 723 3442 tendere
745 3381 855 3460 adegit;

60 3474 142 3528 stant
163 3465 223 3527 sale
244 3465 400 3545 Tyrrheno
422 3467 537 3529 classes.
581 3468 617 3527 da
640 3467 764 3546 iungere
785 3466 932 3538 dextram,

61 3551 113 3624 da,
137 3550 270 3631 genitor,
292 3562 380 3631 teque
403 3551 538 3631 amplexu
562 3570 600 3612 ne
622 3551 760 3613 subtrahe
783 3543 911 3613 nostro.³

61 3637 104 3698 sic
126 3652 296 3698 memorans
316 3637 398 3717 largo
421 3637 492 3698 lletu
514 3637 601 3698 simul
624 3655 674 3697 ora
698 3635 819 3716 rigabat.

147 3839 199 3893 664
215 3839 330 3903 aliquos]
348 3838 417 3891 aliar
434 3837 588 3902 F¹a²b¹c¹arx
607 3840 738 3903 grammat.
751 3835 810 3887 Lod.
829 3836 924 3886 aeoost
942 3834 975 3886 ei.
993 3833 1025 3886 lll
1038 3836 1086 3886 447
1108 3838 1134 3887 et

60 3912 134 3965 Lucr.
145 3906 167 3961 ll
180 3907 238 3963 bill.
256 3905 285 3958 111
298 3909 357 3960 666.
443 3908 494 3960 6¹12
511 3908 582 3970 boia]
600 3907 644 3956 bie
661 3907 702 3970 (ex
721 3905 777 3958 cod.
795 3902 941 3968 Ondnrtii‘l)
959 3902 1032 3956 Ribb.
