2286 4394
46 208 88 269 50
419 210 447 263 Ρ.
460 210 588 265 venetur
604 209 751 266 utnuurs

45 383 197 463 Iasiusque
220 391 318 462 pater,
341 399 437 459 genus
459 400 476 441 a
497 399 557 460 quo
580 383 717 464 principe
740 393 887 448 nostrum.

45 484 134 545 surgo
155 485 208 545 age
231 466 354 528 ethaeo
376 466 470 529 laetus
492 466 634 546 longaevo
657 468 735 530 dicta
756 472 875 550 parenti

45 552 121 613 haud
144 551 304 613 dubitanda
326 552 419 625 refer,
443 552 603 630 Corythum
627 561 782 633 terrasque
802 556 936 635 requirat
1062 567 1093 619 ut

45 637 205 700 Ausonias:
229 636 346 698 Dictaea
369 645 458 716 negat
478 635 532 697 tibi
555 635 688 718 luppiter
708 631 793 701 arva?

45 719 152 783 talibus
174 722 316 783 attonitus
339 721 405 784 visis
427 730 457 782 et
478 739 549 782 voce
572 722 695 784 deorum

46 807 115 883 (nec
137 825 226 887 sopor
249 806 320 867 iilud
343 815 421 880 erat,
444 805 496 867 sed
519 824 617 867 coram
641 809 823 887 adgnoscere
845 810 942 874 voltus

44 890 211 972 velatasque
235 909 334 953 comas
356 891 582 972 praesentiaque
605 910 656 953 ora
678 892 815 970 ridebam

45 987 107 1039 tum
131 977 244 1057 gelidus
265 987 328 1039 toto
350 974 488 1037 manabat
509 993 635 1055 corpore
658 978 760 1054 sudor)

45 1063 175 1143 corripio
197 1081 213 1122 e
235 1062 333 1123 stratis
355 1079 464 1140 corpus
485 1061 635 1139 tendoque
657 1061 779 1143 supinas

45 1150 80 1210 ad
103 1148 215 1209 caelum
238 1165 305 1208 cum
326 1165 398 1207 voce
420 1162 526 1207 manus
547 1152 576 1206 et
597 1164 721 1208 munera
743 1146 805 1211 libo

45 1233 219 1294 intemerata
242 1231 324 1292 iocis.
369 1230 501 1310 perfecto
523 1229 616 1292 laetus
638 1232 754 1294 honore

45 1317 193 1378 Anchisen
219 1315 292 1375 iaoio
314 1322 428 1376 certum
451 1332 573 1394 remque
595 1316 698 1377 ordine
720 1317 829 1396 pando.

45 1401 185 1481 adgnovit
206 1399 319 1479 prolem
341 1399 506 1479 ambiguam
530 1400 724 1481 geminosque
746 1411 885 1482 parentes
1066 1408 1097 1463 ut

44 1504 135 1565 seque
158 1504 234 1546 novo
257 1492 388 1547 veterum
412 1485 568 1563 deceptum
591 1503 694 1547 errore
715 1485 866 1564 iocorum;

43 1580 107 1631 tum
129 1577 291 1632 memorat:
310 1563 393 1631 ‘nate
415 1568 510 1631 lliacis
533 1569 662 1632 exercite
684 1571 765 1647 tatis,

44 1654 105 1717 sola
127 1655 198 1716 mihi
221 1655 287 1716 talis
308 1673 393 1716 casus
415 1655 577 1717 Cassandra
599 1654 732 1716 canebat

44 1759 127 1801 nunc
149 1749 251 1820 repeto
275 1740 347 1800 haec
368 1740 471 1819 generi
494 1740 673 1818 portendere
695 1739 792 1802 debita
815 1752 919 1805 nostro

44 1835 74 1887 et
95 1844 183 1906 saepe
206 1824 394 1904 Hesperiam,
417 1843 505 1905 saepe
527 1824 597 1885 ltaia
620 1842 710 1903 regna
733 1843 849 1887 vocare.
1067 1830 1097 1885 ttt

44 1912 94 1973 sed
119 1911 184 1989 quis
207 1910 241 1971 ad
265 1909 425 1989 Hesperiae
445 1918 587 1972 venturos
608 1908 692 1970 litora
716 1909 848 1973 Teucros

44 1994 200 2058 crederet?
222 2006 270 2058 aut
294 2013 380 2076 quem
405 2005 465 2057 tum
488 2004 568 2056 rates
590 1993 749 2057 Cassandra
772 1994 926 2059 moveret?

45 2082 184 2145 cedamus
206 2081 327 2143 Phoebo
350 2091 380 2142 et
401 2079 505 2142 moniti
528 2078 649 2141 meliora
671 2077 850 2158 sequamur.³

45 2168 86 2230 sic
109 2168 163 2239 ait,
186 2176 216 2228 et
238 2166 338 2227 cuncti
361 2166 439 2226 dicto
463 2182 601 2245 paremus
623 2173 753 2226 orantes.

44 2253 122 2313 banc
145 2269 264 2330 quoque
287 2250 450 2311 deserimus
471 2250 571 2311 sedem
593 2248 754 2329 paucisque
775 2249 887 2312 relictis
1069 2252 1100 2307 et
1128 2255 1132 2268 ²

43 2337 105 2397 vela
129 2337 231 2395 damus
252 2342 425 2411 vastumque
448 2351 516 2394 cara
538 2333 622 2395 trabe
644 2333 791 2396 currimus
812 2352 934 2413 aequor.
1130 2397 1131 2400 ,

130 2420 289 2497 Postquam
312 2418 402 2478 altum
425 2426 548 2478 tenuere
570 2427 648 2480 rates
670 2436 726 2480 nec
747 2419 804 2480 iam
827 2420 953 2500 amplius
974 2419 1048 2482 ullae
1142 2415 1143 2498 ζ

45 2512 189 2583 apparent
213 2513 322 2575 terrae,
345 2501 457 2562 caelum
481 2504 612 2583 undique
635 2511 664 2565 et
686 2503 818 2583 undique
840 2514 966 2583 pontus,

44 2598 105 2649 tum
129 2588 201 2649 mibi
224 2587 377 2647 caeruleus
399 2604 487 2666 supra
510 2598 599 2668 caput
621 2588 732 2650 adstitit
753 2588 848 2650 imber

46 2681 162 2734 noctem
185 2671 373 2750 hiememque
395 2673 495 2734 terens
517 2681 547 2734 et
568 2674 717 2735 inhorruit
738 2674 818 2734 rrnda
841 2672 983 2737 tenebris.
1068 2677 1102 2731 ttt

44 2758 188 2819 continuo
210 2755 288 2817 venti
311 2758 432 2818 volvunt
453 2776 534 2820 marc
555 2776 721 2838 magnaque
742 2769 870 2838 surgunt

44 2860 188 2922 aequora,
212 2842 334 2920 dispersi
356 2842 498 2905 iactamur
520 2843 635 2921 gurgite
656 2851 756 2918 vasto;

43 2927 191 2990 involvere
213 2926 290 2987 diem
313 2928 405 2989 nimbi
429 2937 458 2991 et
481 2947 539 2990 nox
560 2927 660 2989 umida
681 2927 794 2990 caelum

43 3012 177 3084 abstulit,
200 3012 385 3091 ingeminant
407 3013 540 3093 abruptis
562 3013 693 3074 nubibus
714 3013 807 3091 ignes.

44 3098 210 3160 excutimur
230 3114 319 3157 cursu
343 3106 373 3157 et
394 3099 489 3158 caecis
511 3115 644 3160 erramus
667 3098 697 3158 in
720 3098 822 3169 undis;

43 3185 106 3264 ipse
129 3182 205 3244 diem
229 3190 407 3259 noctemque
430 3192 517 3260 negat
539 3181 709 3244 discernere
731 3182 812 3243 caelo

44 3287 99 3330 uec
121 3266 291 3327 meminisse
314 3266 375 3326 viae
397 3265 492 3326 media
515 3266 672 3328 Palinurus
694 3267 723 3328 in
747 3266 837 3327 unda.

43 3354 96 3415 tris
119 3354 190 3413 adeo
213 3352 342 3412 incertos
365 3367 451 3410 caeca
475 3350 600 3427 caligine
622 3349 700 3412 soles

44 3456 177 3501 erramus
199 3436 320 3516 pelago,
342 3434 462 3495 totidem
486 3433 550 3496 sine
573 3432 668 3494 sidere
691 3444 805 3497 noctes.

131 3627 179 3678 199
191 3623 300 3686 abrupti
312 3616 430 3672 Ghioret.
442 3616 484 3675 un
499 3616 531 3667 ct.
544 3617 616 3667 Lucr.
628 3616 647 3667 u
660 3620 718 3670 214.
770 3625 829 3686 post
843 3635 867 3674 v.
878 3622 928 3673 204
939 3618 1011 3673 Serr.
1022 3619 1055 3686 pt.
1065 3623 1109 3668 που

44 3694 118 3747 affert
127 3706 225 3754 uersus,
237 3691 280 3757 qui
288 3685 462 3740 ‘circumducti
476 3684 572 3736 inventi
588 3683 705 3736 dicuntur
718 3692 744 3738 ct
756 3692 826 3738 extre
838 3689 956 3755 peginam
968 3689 993 3740 in
1004 3675 1109 3740 mundo‘:

214 3761 276 3810 qim
293 3758 395 3823 Pelopis
410 3756 502 3818 gentes
520 3752 673 3815 Maleaeque
690 3758 816 3805 serrantia
833 3773 903 3806 aerea

213 3829 388 3880 circumstant
401 3823 560 3889 pariterque
576 3819 665 3869 aradae
683 3825 822 3887 terraeque
839 3827 988 3876 minantur.

210 3896 350 3963 pulsamur
366 3892 452 3944 saevis
471 3893 496 3940 et
513 3889 735 3940 circumcidimur
753 3891 841 3942 undis.
