2286 4394
75 188 137 249 242
459 185 488 238 Ρ.
500 184 628 238 VEHGlLl
645 183 794 239 uenenis

74 371 105 422 at
126 361 237 422 circum
259 358 352 419 lectae
375 357 514 429 comites,
537 354 704 435 Larinaque
726 357 810 437 virgo

76 445 219 523 Tullaque
241 452 271 504 ct
292 452 419 503 aeratam
442 441 578 522 quatiens
600 440 727 521 Tarpeia
749 443 894 517 securim,

74 530 209 602 italides,
232 546 305 608 quas
326 528 389 607 ipsa
411 527 501 588 decus
522 524 578 610 sibi
600 525 646 586 dia
670 525 790 589 Camilla

75 614 184 696 delegit
204 614 346 694 pacisque
367 612 461 674 henas
483 610 611 690 bellique
633 611 799 686 ministras,

76 701 177 780 quales
198 699 352 760 Threiciae
374 715 441 759 cum
463 695 584 758 llumina
607 695 839 758 Thermodontis

76 786 197 866 pulsant
218 793 248 845 et
268 783 355 865 pictis
375 781 525 844 bellantur
547 782 709 843 llmazones
730 781 837 856 armis,

76 890 130 934 seu
153 870 264 932 circum
287 867 465 948 Hippolyten
488 884 542 928 seu
564 883 631 927 cum
653 884 686 927 se
707 866 812 928 Martia
834 883 925 928 curru

77 955 264 1018 Penthesilea
286 954 378 1015 relert
399 969 566 1032 magnoque
588 949 719 1012 ululante
741 952 871 1013 tumultu

77 1041 203 1104 leminea
225 1039 373 1102 exsultant
393 1036 503 1098 lunatis
523 1035 639 1114 agmina
661 1035 758 1116 peltis.

164 1125 259 1198 Quem
281 1124 340 1185 telo
361 1122 507 1203 primum,
530 1138 618 1199 quem
641 1129 840 1201 postremum,
863 1140 968 1202 aspera
989 1122 1058 1202 virgo

78 1208 191 1273 deicis?
213 1219 264 1271 aut
285 1216 360 1288 quot
380 1207 462 1268 humi
483 1205 640 1267 morientia
664 1223 789 1286 corpora
811 1206 936 1270 lundis‘l

164 1293 300 1355 Hunaum
323 1291 416 1371 Clytio
438 1291 568 1371 primum
589 1298 688 1370 patre,
710 1290 796 1353 cuius
817 1302 956 1372 apertum

77 1378 191 1440 adversi
213 1379 302 1458 longa
323 1375 544 1437 transverberat
564 1375 660 1437 abiete
681 1385 803 1457 pectus;

78 1463 232 1542 sanguinis
254 1461 302 1522 ille
324 1477 446 1522 vomens
468 1460 547 1522 rivos
569 1461 646 1522 cadit
667 1469 755 1540 atque
777 1470 933 1523 cruentam

78 1547 191 1608 mandit
212 1546 336 1608 humum
357 1545 550 1625 moriensque
572 1565 627 1608 suo
649 1564 681 1607 se
703 1546 733 1608 in
755 1546 878 1608 volnere
899 1556 1007 1610 versat.

78 1643 141 1694 tum
163 1631 254 1693 lirim
278 1632 480 1711 Pagasumque
502 1647 608 1710 super;
631 1649 758 1709 quoram
781 1631 854 1693 alter
876 1632 1009 1694 habenas

78 1717 205 1780 suffosso
227 1717 377 1779 revolutus
399 1735 476 1796 equo
498 1715 568 1776 dum
591 1715 716 1796 colligit,
739 1715 813 1777 alter

78 1804 149 1865 dum
172 1803 252 1864 subit
273 1821 307 1864 ac
328 1802 460 1863 dextram
483 1800 593 1862 labenti
615 1800 712 1862 tendit
732 1801 892 1879 inermem,

78 1888 254 1970 praecipites
276 1888 445 1968 pariterque
467 1893 568 1947 ruunt.
612 1885 658 1947 his
679 1885 759 1947 addit
780 1888 948 1950 Amastrum

79 1973 267 2054 Hippotaden
288 1972 483 2051 sequiturque
504 1968 682 2032 incumbens
704 1970 820 2034 eminus
842 1973 925 2035 hasta

79 2058 232 2138 Tereaque
254 2057 510 2138 Harpalycumque
533 2064 564 2116 et
585 2055 812 2135 Demophoonta
834 2056 1057 2139 Chrominque,

79 2152 212 2223 quotque
235 2143 339 2205 emissa
362 2161 453 2204 manu
475 2140 620 2202 contorsit
641 2141 753 2221 spicula
774 2141 873 2221 virgo,

77 2236 122 2289 tot
144 2228 262 2308 Phrygii
285 2229 418 2289 cecidere
440 2227 503 2287 riri.
547 2226 652 2306 procul
675 2226 807 2307 Ornytus
828 2228 917 2288 armis

78 2313 188 2391 ignotis
210 2320 239 2373 et
261 2331 338 2391 equo
362 2320 483 2373 venator
505 2311 612 2391 lapyge
635 2311 744 2385 fertur,

79 2397 126 2458 cui
149 2395 234 2475 pellis
255 2397 330 2458 latos
351 2415 471 2458 umeros
493 2405 593 2476 erepta
616 2395 741 2457 iuvenco

78 2481 237 2561 pugnatori
260 2481 371 2559 operit,
395 2489 484 2560 caput
505 2481 613 2560 ingens
635 2481 695 2542 oris
716 2481 813 2542 hiatus

79 2574 109 2627 et
130 2565 222 2625 malae
245 2574 344 2626 texere
366 2564 428 2643 lupi
451 2583 519 2625 curn
542 2566 680 2628 dentibus
702 2565 775 2627 albis

79 2650 263 2733 agrestisque
285 2668 391 2712 manus
414 2658 508 2712 armat
528 2669 648 2731 sparus;
679 2651 742 2731 ipse
764 2651 888 2712 catervis

78 2736 202 2798 vertitur
223 2736 253 2796 in
278 2736 379 2798 mediis
401 2745 431 2798 et
452 2744 514 2797 toto
537 2737 645 2797 vertice
667 2754 757 2816 snpra
779 2745 831 2798 est.

79 2821 160 2884 hunc
183 2822 231 2883 illa
254 2830 410 2903 exceptum
433 2819 544 2901 (neque
567 2821 647 2882 enim
669 2820 754 2882 labor
775 2822 890 2901 agmine
912 2824 1012 2900 verso)

79 2908 178 2970 traicit
199 2917 228 2969 et
250 2909 435 2990 superhaec
457 2908 577 2969 inimico
599 2913 721 2986 pectore
744 2907 835 2968 latur:

76 2986 168 3056 ‘silvis
191 3003 236 3067 te,
259 2995 428 3074 Tyrrhena,
452 2994 528 3055 feras
549 2992 658 3072 agitare
681 2990 811 3072 putasti?

80 3078 212 3148 advenit,
237 3078 286 3155 qui
308 3088 403 3138 vestra
425 3078 487 3138 dies
509 3077 704 3138 muliebribus
727 3077 815 3138 armis

79 3160 166 3221 verba
190 3161 382 3238 redarguerit.
426 3180 536 3222 nomen
559 3170 658 3223 tamen
682 3164 758 3224 haud
781 3163 842 3223 leve
865 3170 982 3240 patrum

79 3244 217 3305 manibus
238 3245 295 3304 hoc
318 3245 443 3319 reseres,
466 3245 524 3306 telo
547 3246 687 3308 cecidisse
710 3239 863 3311 Camillae.³

79 3328 217 3408 protinus
240 3327 425 3390 Orsilochum
449 3338 478 3390 et
499 3330 614 3404 Hutcn,
637 3332 695 3393 duo
718 3333 842 3393 maxima
865 3332 1013 3393 Teucrum

80 3431 221 3493 corpora;
244 3414 294 3474 scd
317 3414 412 3477 Ruten
437 3433 570 3477 aversum
594 3417 715 3497 cuspide
737 3419 799 3478 lixit

78 3498 199 3558 loricam
222 3499 392 3578 galeamque
415 3501 508 3576 inter,
531 3521 588 3581 qua
611 3503 686 3564 colla
708 3503 837 3564 sedentis

100 3611 349 3700 '‘ooe'eaaoram
366 3651 396 3721 γι
413 3650 516 3704 Mentor.
529 3651 548 3702 rr
566 3651 643 3704 eraso.
657 3652 714 3714 ooo,
727 3654 751 3704 o.
771 3651 845 3704 areo.
946 3654 995 3704 aar
1016 3653 1058 3704 aaa

80 3714 152 3768 Serv.
171 3713 249 3767 Prisc.
269 3720 326 3781 466,
345 3721 368 3770 2.
404 3718 513 3772 darraR
548 3720 632 3771 diune
650 3717 688 3770 ΜΙ
724 3721 785 3770 dion
805 3724 853 3773 cet
872 3719 889 3772 l.
971 3723 1019 3772 671
1039 3737 1058 3771 n

78 3780 182 3843 M¹b¹rr3
201 3783 233 3834 cl.
253 3782 324 3838 Serv.
359 3787 463 3849 suffuso
481 3792 529 3840 cet.
542 3787 568 3852 l.‚
586 3786 660 3840 Ribb.
740 3789 789 3839 tto
810 3789 996 3854 Chromimquc
1015 3789 1048 3852 bg

78 3851 128 3902 688
146 3851 322 3917 redargueret
337 3853 442 3924 Rybc²rr
