2474 4388
451 184 613 279 muninus
630 225 689 283 ue.
706 225 739 282 v.

60 404 205 459 servatam
228 395 267 458 oh
290 414 394 458 navem
416 395 511 458 laetus
532 397 688 476 sociosque
709 397 858 460 reductos.
966 418 968 422 ⁴

61 481 113 542 olli
134 500 218 543 serva
239 483 326 542 datur
348 499 474 562 operum
494 481 573 542 haud
595 482 698 560 ignara
719 482 881 557 Minervae,

62 566 166 630 Cressa
188 585 300 646 genus,
323 566 450 640 Pholoe,
472 566 642 646 geminique
664 567 719 628 sub
742 567 834 629 ubere
857 568 928 630 uati.

149 651 214 714 Hoc
235 652 303 732 pius
324 650 440 713 Aeneas
461 652 551 713 misso
575 652 736 713 certamine
758 653 854 714 tondit

63 737 250 817 gramineum
272 737 304 797 in
327 754 482 817 campum,
506 754 593 815 quem
616 736 742 799 collibus
763 737 896 816 undique
919 740 1016 802 curvis

64 821 227 900 cingebant
247 821 353 896 silvae,
375 820 531 899 mediaque
552 822 584 882 iu
606 821 679 883 valle
701 822 808 883 theatri

63 907 163 969 circus
185 916 264 982 erat;
287 924 347 985 quo
371 925 403 968 se
424 906 525 967 multis
546 924 616 967 cum
637 906 756 968 milibus
778 906 866 969 heros

64 1009 208 1053 consessu
230 990 359 1052 medium
381 990 450 1053 tulit
470 999 680 1070 exstructoque
701 991 819 1052 resedit.

64 1075 130 1149 bic,
153 1076 204 1155 qui
226 1076 303 1137 forte
324 1076 417 1137 velint
431 1075 542 1155 'rapido
565 1075 748 1138 contendere
771 1094 876 1152 cursu,

64 1160 171 1222 invitat
191 1160 293 1241 pretiis
315 1161 430 1223 animos
452 1168 482 1222 et
503 1161 632 1240 praemia
656 1161 750 1241 pouit.

65 1245 199 1324 undique
221 1246 404 1307 conveniunt
425 1246 533 1307 Teucri
554 1246 696 1325 mixtique
719 1245 841 1321 Sicani,

65 1331 156 1392 Nisus
177 1340 208 1391 et
228 1329 374 1411 Euryalus
395 1330 499 1411 primi,

66 1415 214 1496 Euryalus
235 1416 329 1476 lorma
352 1416 478 1495 insignis
499 1414 644 1493 viridique
666 1415 799 1491 iuventa,

66 1500 157 1562 Nisus
179 1518 279 1561 amore
301 1501 351 1580 pio
374 1501 476 1581 pueri3
500 1518 575 1580 quos
597 1500 704 1561 deiude
726 1510 845 1563 secutus

67 1585 170 1665 regius
192 1586 308 1665 egregia
331 1585 439 1647 Priami
462 1586 497 1646 de
520 1585 612 1665 stirpe
634 1585 752 1662 Diores3

67 1671 151 1731 hunc
173 1669 269 1732 Salius
290 1671 378 1732 simul
400 1678 429 1731 et
451 1670 577 1744 Patron,
599 1688 727 1749 quorum
749 1670 822 1732 alter
843 1671 996 1746 Acarnan,

68 1755 145 1816 alter
165 1755 201 1817 ab
223 1755 349 1816 Arcadio
371 1755 521 1835 Tegeaeae
543 1755 687 1834 sanguiue
710 1755 840 1835 gentis;.2

67 1848 134 1901 tum
154 1839 214 1901 duo
236 1840 383 1902 Trinacrii
405 1840 542 1912 iuvenes,
566 1839 707 1920 Helymus
728 1840 940 1920 Panopesque,

70 1925 184 1986 adsueti
207 1925 301 2000 silvis,
324 1925 448 1987 comites
469 1924 596 1986 senioris
617 1924 757 2001 Acestae;

70 2008 156 2070 multi
178 2019 347 2089 praeterea,
371 2028 446 2089 quos
467 2012 543 2089 lama
566 2009 692 2071 obscura
714 2010 858 2070 recondit.

70 2094 187 2156 Aeneas
209 2094 318 2173 quibus
340 2094 370 2156 in
393 2095 498 2156 mediis
520 2095 563 2156 sic
585 2095 691 2156 deiude
712 2094 846 2156 locutus:

67 2173 207 2259 ‘accipite
228 2179 301 2241 haec
323 2179 429 2241 animis
449 2180 601 2258 laetasque
623 2179 763 2240 advertite
784 2187 909 2241 mentes.
963 2178 965 2182 ’

71 2281 161 2325 nemo
183 2282 220 2325 ex
240 2265 298 2325 hoc
321 2282 445 2326 numero
468 2264 539 2325 mihi
561 2283 623 2325 nou
647 2264 774 2326 donatus
795 2262 895 2326 abibit.

71 2348 183 2410 Gnosia
204 2348 275 2410 bina
297 2348 373 2410 dabo
395 2349 489 2410 levato
511 2348 608 2410 lucida
629 2350 710 2411 lerro

70 2433 185 2514 spicula
207 2434 407 2513 caelatamque
428 2444 552 2514 argento
574 2436 652 2496 ferre
673 2434 852 2513 bipennem;

73 2517 213 2580 omuibus
233 2518 282 2580 hic
303 2519 360 2581 erit
381 2538 460 2581 unus
482 2520 587 2580 honos.
631 2528 692 2581 tres
712 2519 842 2599 praemia
864 2518 953 2599 primi

73 2603 221 2683 accipient
241 2604 373 2683 flavaque
395 2613 484 2684 caput
505 2612 665 2665 nectentur
687 2604 777 2664 oliva:

72 2688 188 2768 primus
209 2706 319 2767 equum
341 2689 471 2769 phaleris
492 2688 640 2767 insignem
661 2690 756 2749 victor
776 2688 899 2763 habeto,
955 2720 957 2725 ·

73 2772 148 2834 alter
169 2772 358 2834 Amazoniam
380 2774 548 2853 pharetram
570 2773 749 2853 plenamque
763 2774 876 2853 sagittis

73 2857 234 2933 Threiciis,
256 2858 315 2919 lato
338 2876 425 2937 quam
448 2858 702 2938 circumplectitur
722 2876 796 2919 auro

73 2941 189 3004 balteus
211 2951 241 3004 et
261 2943 348 3004 tereti
371 2943 521 3006 subnectit
542 2943 631 3004 fibula
653 2960 785 3023 gemma;

73 3026 181 3088 tertius
201 3028 340 3107 Argolica
361 3029 416 3090 hac
437 3027 519 3109 galea
541 3038 700 3090 contentus
723 3021 821 3089 abito?

160 3111 240 3174 llaec
261 3110 314 3174 uhi
336 3113 428 3188 dicta,
450 3113 549 3174 locum
571 3113 693 3194 capiunt
715 3113 860 3192 signoque
881 3121 1005 3192 repente
1105 3117 1149 3168 tta

74 3196 243 3276 corripiunt
263 3198 357 3277 spatia
379 3198 477 3260 audito
499 3196 650 3277 limenque
672 3198 847 3277 relinquunt

76 3281 163 3343 effusi
185 3279 288 3343 nimbo
310 3283 435 3360 similes3
457 3283 546 3344 simul
567 3282 667 3344 ultima
690 3282 818 3363 signant.

73 3365 191 3445 primus
211 3364 272 3428 abit
292 3367 442 3448 longeque
463 3376 532 3429 ante
555 3368 654 3429 omnia
675 3386 802 3448 corpora
823 3368 911 3430 Nisus

75 3451 197 3526 emicat,
220 3459 251 3513 et
271 3452 366 3516 ventis
387 3460 418 3514 et
438 3453 569 3514 fulminis
591 3453 675 3514 ocior
695 3453 763 3529 alis;

74 3535 229 3617 proximus
248 3536 335 3613 huic,
356 3537 447 3617 longo
469 3537 521 3600 sed
542 3538 695 3618 proximus
716 3537 886 3613 intervallo,
1107 3542 1151 3593 th)

162 3755 376 3807 thoromacum
387 3753 484 3808 (ὶοῐετ.ι
529 3771 680 3807 comessum
695 3755 798 3807 medius
810 3768 883 3820 prop.
896 3751 981 3804 Thilo.
1016 3755 1152 3804 consessus

73 3821 192 3874 matum
209 3820 239 3874 ll.
251 3820 275 3874 J.
284 3820 371 3874 Heller
383 3819 450 3875 Puit
470 3825 544 3887 taso,
556 3825 615 3878 684.
649 3821 969 3876 comessumirtmodium
981 3818 1022 3874 tu.
1076 3818 1152 3874 Ribb.

74 3893 137 3957 post
155 3892 206 3944 290
223 3889 272 3944 lac.
290 3889 376 3956 signis.
446 3893 496 3945 ³12
514 3893 617 3944 circum
634 3893 807 3959 amplectitur
823 3888 882 3942 libri
900 3894 1002 3957 praeter
1018 3887 1058 3952 bl;
1076 3887 1152 3946 Rtbb.
