2474 4388
268 243 296 298 P.
310 243 436 297 vulturni
453 242 600 296 MARONlS
618 243 778 298 nunulbos
797 245 855 298 LlB.
869 245 919 298 Vll.
1075 245 1134 304 135

64 416 123 478 urit
145 416 298 477 odoratam
321 424 468 476 nocturna
490 416 521 477 in
544 416 656 477 lumina
679 416 799 477 cedrum

63 510 167 581 arguto
190 501 289 562 tenuis
310 518 490 579 percurrens
512 501 630 580 pectine
651 502 732 563 telas.

63 587 133 646 hinc
156 585 286 646 exaudiri
308 586 435 664 gemitus
457 585 576 664 iraeque
598 586 719 646 leonum

63 671 158 732 vincla
180 678 370 732 recusantum
394 680 424 731 et
445 688 510 731 sera
532 670 586 731 sub
611 681 698 731 nocte
721 670 896 744 rudentum,

63 756 259 835 saetigerique
281 773 349 816 sues
370 763 458 834 atque
479 755 509 816 in
533 755 726 835 praesepibus
747 756 810 816 ursi

62 841 175 902 saevire
197 859 232 902 ac
253 841 365 901 formae
387 856 563 918 magnorum
585 839 698 901 ululare
720 841 877 919 luporum,

63 944 140 1003 quos
161 924 316 986 hominum
338 943 374 986 ex
396 925 469 986 iacie
491 924 543 985 dea
567 943 649 986 saeva
672 924 843 1006 potentibus
866 925 965 985 herbis

61 1009 201 1071 induerat
223 1009 307 1071 Circe
329 1009 359 1071 in
382 1009 478 1070 voltus
499 1028 533 1070 ac
555 1018 636 1089 terga
659 1010 797 1071 lerarum.

63 1113 140 1174 quae
163 1114 201 1155 ne
224 1102 355 1155 monstra
377 1094 419 1174 pii
441 1102 614 1174 paterentur
635 1095 702 1155 talia
725 1094 818 1156 Troes

62 1180 151 1241 delati
174 1180 204 1239 in
227 1187 331 1258 portus
354 1198 413 1240 neu
435 1179 521 1239 litora
544 1180 605 1239 dira
629 1180 779 1255 subirent,

61 1265 221 1344 Neptunus
243 1264 337 1326 ventis
359 1263 490 1344 implerit
510 1264 574 1324 vela
595 1265 733 1326 secundis

61 1357 153 1427 atque
175 1349 274 1427 lugam
296 1349 376 1410 dedit
398 1358 428 1410 et
450 1357 567 1428 praeter
589 1351 659 1409 vada
680 1349 789 1410 fervida
812 1350 898 1410 vexit.

148 1433 268 1513 lamque
291 1433 466 1496 rubescebat
487 1434 576 1496 radiis
599 1452 678 1494 mare
701 1443 731 1494 et
752 1436 870 1495 aethere
893 1434 928 1494 ab
952 1433 1009 1496 alto
1122 1445 1131 1458 '

61 1519 177 1579 Aurora
200 1517 231 1578 in
254 1519 347 1602 roseis
369 1518 499 1598 fulgebat
522 1518 598 1580 lutea
621 1519 712 1598 bigis,

61 1622 131 1664 cum
153 1603 234 1663 venti
254 1621 382 1683 posuere
404 1603 560 1682 omnisque
582 1616 706 1683 repente
729 1604 838 1664 resedit

60 1688 149 1749 llatus
171 1688 252 1749 etin
276 1687 356 1749 lento
378 1688 531 1749 luctantur
551 1704 698 1762 marmore
721 1698 835 1750 tonsae.-

61 1781 152 1852 atque
174 1772 222 1833 hic
244 1774 359 1834 deneas
379 1772 532 1851 ingentem
554 1793 590 1834 ex
611 1791 741 1853 aequore
763 1773 863 1834 lucum

62 1857 216 1937 prospicit.
260 1859 340 1919 bunc
362 1858 442 1918 inter
462 1857 549 1919 lluvio
573 1857 731 1920 Tiberinus
752 1876 877 1920 amoeno

62 1942 221 2004 verticibus
241 1942 351 2023 rapidis
372 1949 402 2003 et
423 1943 514 2003 multa
536 1943 628 2004 llavns
649 1943 758 2004 harena

61 2027 93 2087 in
117 2045 198 2088 mare
220 2027 397 2106 prorumpit.
440 2027 535 2108 variae
557 2028 728 2107 circumque
750 2045 899 2108 supraque

62 2112 201 2174 adsuetae
222 2112 295 2192 ripis
316 2112 452 2174 volucres
474 2120 505 2173 et
525 2112 655 2174 lluminis
677 2113 757 2173 alveo

61 2197 181 2257 aethera
203 2195 373 2258 mulcebant
394 2205 484 2259 cantu
507 2196 634 2276 lucoque
656 2197 803 2258 volabant.

62 2282 183 2342 flectere
204 2281 262 2343 iter
284 2281 371 2343 sociis
393 2289 548 2360 terraeque
571 2281 721 2343 advertere
744 2300 848 2363 proras

63 2367 189 2446 imperat
211 2374 241 2427 et
262 2366 355 2428 laetus
377 2367 465 2427 lluvio
487 2366 619 2427 succedit
640 2385 744 2447 opaco.

148 2451 234 2512 Nunc
256 2468 325 2530 age,
349 2451 401 2530 qui
422 2469 523 2530 reges,
545 2451 651 2526 Erato,
675 2470 750 2530 quae
773 2461 907 2531 tempora
929 2469 1043 2522 rarum,

61 2535 129 2613 quis
152 2535 234 2596 Latio
256 2536 378 2615 antiquo
400 2536 489 2597 luerit
509 2544 619 2609 status,
642 2537 753 2598 advena
775 2536 897 2598 classem

62 2638 132 2681 cum
154 2621 282 2699 primum
304 2620 444 2694 Ausoniis
466 2622 612 2682 exercitus
634 2623 748 2701 appulit
769 2622 845 2694 oris,

61 2704 215 2784 expediam
237 2715 267 2766 et
287 2705 399 2786 primae
420 2705 564 2767 revocabo
586 2708 706 2767 exordia
728 2722 862 2787 pugnae3

60 2800 94 2848 tu
117 2798 226 2863 vatem,
249 2799 296 2864 tu,
320 2791 400 2864 diva,
422 2806 521 2851 mone.
565 2790 660 2851 dicam
682 2791 801 2851 horrida
824 2789 914 2862 bella,

61 2873 156 2935 dicam
180 2873 257 2936 acies
276 2883 418 2954 actosque
440 2874 546 2936 animis
567 2875 598 2936 in
622 2876 727 2936 lunera
749 2893 834 2954 reges

61 2958 307 3039 Tyrrhenamque
328 2977 450 3021 manum
471 2968 623 3039 totamque
645 2960 699 3021 sub
723 2977 802 3020 arma
825 2968 955 3019 coactam

60 3043 245 3123 Hesperiam.
289 3044 383 3106 maior
404 3062 504 3106 rerum
527 3045 598 3105 mibi
622 3045 753 3106 nascitur
775 3044 865 3116 ordo,

60 3146 156 3191 marus
178 3147 254 3208 opus
275 3147 388 3190 moveo.

421 3213 485 3274 Rex
505 3230 573 3274 arva
596 3213 719 3275 Latinus
741 3223 771 3274 et
792 3213 881 3274 urbes

60 3298 117 3358 iam
142 3297 243 3359 senior
263 3298 352 3378 longa
374 3297 503 3378 placidas
524 3297 554 3359 in
578 3317 651 3378 pace
672 3298 802 3378 regebat.

60 3383 143 3444 hunc
165 3381 268 3445 Fauno
291 3392 321 3445 et
342 3384 472 3464 nympha
494 3383 626 3460 genitum
650 3384 797 3445 Laurente
820 3383 927 3443 Marica

60 3465 364 3546 accipimus31launo
387 3468 474 3530 Picus
496 3476 596 3547 pater,
619 3468 703 3547 isque
726 3476 880 3548 parentem

60 3563 104 3625 le,
128 3551 272 3628 Saturne,
295 3553 401 3628 refert,
424 3562 456 3614 tu
478 3553 630 3633 sauguinis
654 3552 774 3614 ultimus
795 3560 907 3613 auctor.

146 3769 179 3821 26
200 3771 292 3834 rosels]
308 3772 395 3820 υωοίι
410 3768 450 3834 c¹,
474 3768 534 3821 inde
551 3771 636 3820 aurita
650 3767 723 3820 Ribb.
769 3769 870 3817 croceio
887 3765 969 3818 Bentl.
986 3763 1078 3816 Lucan.
1100 3762 1132 3815 lV

61 3838 109 3890 125
128 3834 420 3891 ambrichonem.
489 3839 522 3892 34
539 3852 657 3902 aequora
676 3834 759 3888 Servii
777 3833 833 3886 cod.
847 3832 913 3901 Lips.
927 3831 959 3885 lV
973 3834 1031 3885 524.
1066 3836 1133 3886 adra

62 3902 163 3957 waleet.
182 3902 253 3958 lucr.
271 3903 366 3967 111463
385 3905 418 3958 ci.
437 3904 540 3958 Peteon.
561 3907 617 3959 127.
