2286 4394
467 213 629 268 suumoos
647 213 706 268 ΗΒ.
723 216 742 269 1.

60 405 166 466 passus
190 390 286 463 amor)
307 385 443 466 rapidum
465 388 501 448 ad
523 388 606 449 navis
628 388 788 467 praemittit
810 389 957 464 Achaten,

62 472 190 534 Ascanio
213 473 290 533 ferat
311 473 382 534 haec
403 472 559 553 ipsumque
581 473 618 534 ad
640 473 757 535 moenia
779 474 881 535 ducat:

10 594 12 629 ,
63 557 160 618 omnis
182 557 214 619 in
237 557 364 619 Ascanio
386 559 447 619 cari
468 566 525 620 stat
547 577 617 620 cura
638 559 777 640 parentis.

10 632 14 729 l
63 659 184 703 munera
207 650 360 722 praeterea
383 643 478 705 Iliacis
499 654 599 723 erepta
621 645 718 705 ruinis

10 734 12 781 i
64 727 143 813 ferre
161 726 255 801 iubet,
277 728 383 808 pallam
405 728 498 808 signis
519 747 651 808 auroque
674 730 821 808 rigentem

65 821 92 873 et
111 813 340 875 circumtextum
363 831 468 875 croceo
491 814 623 876 velamen
646 813 787 887 acantho,

65 905 183 959 ornatus
205 899 329 976 Argivae
352 898 495 972 Helenae,
512 918 587 978 quos
609 900 656 961 illa
678 898 824 979 Mycenis,

65 981 201 1063 Pergama
223 1001 293 1044 cum
314 992 428 1062 peteret
449 983 698 1063 inconcessosque
719 984 916 1063 hymenaeos,

65 1069 220 1143 extulerat,
244 1069 345 1130 matris
366 1068 462 1130 Ledae
485 1069 617 1131 mirabile
639 1069 767 1144 donum;

64 1163 212 1231 practerea
234 1161 400 1233 sceptrum,
423 1154 516 1216 llione
539 1156 618 1234 quod
640 1161 770 1235 gesserat
792 1152 879 1227 olim,

65 1239 184 1299 maxima
206 1248 343 1300 natarum
364 1239 488 1313 Priami,
511 1240 647 1320 colloque
668 1239 778 1300 monile

65 1322 194 1384 bacatum
217 1335 246 1384 et
267 1325 415 1404 duplicem
435 1326 559 1404 gemmis
581 1343 713 1404 auroque
735 1342 885 1386 coronam.

66 1407 131 1469 baec
152 1409 286 1471 celerans
308 1410 364 1471 iter
385 1411 421 1471 ad
445 1410 527 1472 navis
548 1409 688 1472 tendebat
709 1410 843 1471 Achates.

141 1494 179 1554 At
202 1494 344 1574 Cytherea
367 1514 457 1558 noras
479 1504 573 1570 artes,
597 1514 671 1556 nova
693 1503 815 1574 pectore
837 1502 932 1555 versat

66 1579 196 1652 consilia,
219 1589 253 1640 ut
275 1581 378 1642 iaciem
403 1589 531 1642 mutatus
553 1589 583 1641 et
605 1599 655 1642 ora
679 1580 791 1660 Cupido

65 1681 114 1741 pro
134 1664 213 1726 dulci
236 1665 362 1726 Ascanio
384 1667 483 1728 veniat
503 1666 649 1745 donisque
671 1667 818 1727 furentem

65 1747 195 1810 incendat
215 1751 350 1829 reginam
371 1760 460 1830 atque
482 1751 599 1813 ossibus
620 1751 752 1830 implicet
772 1751 888 1829 ignem;

65 1835 166 1914 quippe
189 1835 310 1897 domum
333 1836 416 1898 timet
436 1835 603 1915 ambiguam
625 1836 790 1917 Tyriosque
812 1833 966 1914 bilinguis3

63 1919 116 1980 urit
136 1930 219 1982 atrox
241 1921 317 1982 luno
339 1931 369 1982 et
389 1921 444 1984 sub
469 1932 586 1983 noctem
608 1940 679 1982 cura
700 1929 843 1982 recursat.

64 2021 126 2084 ergo
148 2006 193 2067 his
215 2005 358 2086 aligerum
379 2007 464 2069 dictis
485 2007 602 2068 adlatur
623 2008 774 2067 Amorem:

60 2080 147 2164 hate,
170 2109 253 2151 meae
274 2091 367 2165 vires,
389 2111 454 2153 mea
477 2111 581 2172 magna
605 2091 736 2172 potentia
759 2089 855 2160 solue,

62 2186 136 2250 nate,
159 2176 252 2256 patris
274 2177 380 2238 summi
402 2177 453 2256 qui
475 2178 533 2238 tela
554 2177 686 2257 Typhoia
709 2175 833 2247 temnis,

61 2261 89 2321 ad
109 2270 140 2322 te
162 2262 303 2340 coniugio
326 2270 355 2322 et
376 2262 500 2343 supplex
522 2272 571 2325 tua
595 2262 718 2324 numina
740 2277 841 2339 posco.

58 2344 142 2406 irater
162 2355 198 2407 ut
218 2346 333 2409 Aeneas
354 2348 459 2427 pelago
482 2357 551 2410 tuns
573 2349 672 2409 omnia
694 2347 805 2408 circum

57 2428 135 2492 litora
157 2431 283 2493 iactetur
305 2433 379 2494 odiis
400 2433 525 2495 lunonis
546 2433 682 2512 iniquae,

58 2526 120 2576 nota
143 2516 212 2588 tibi,
235 2525 265 2577 et
287 2527 389 2579 nostro
413 2518 531 2580 doluisti
554 2537 642 2598 saepe
664 2518 775 2579 dolore.

58 2600 130 2662 hunc
154 2600 315 2663 Phoenissa
336 2611 419 2663 tenet
441 2604 516 2664 Dido
537 2603 712 2681 blandisque
734 2607 868 2661 moratur

56 2685 185 2761 vocibus;
209 2693 239 2746 et
260 2705 378 2759 vereor,
402 2707 462 2768 quo
484 2706 516 2750 se
537 2688 664 2749 Iunonia
687 2695 802 2747 vertant

56 2770 191 2850 hospitia:
215 2772 293 2832 haud
315 2781 397 2834 tanto
420 2773 546 2835 cessabit
568 2773 688 2834 cardine
710 2789 819 2832 rerum.

56 2856 186 2934 quocirca
209 2875 315 2936 capere
338 2867 406 2919 ante
428 2858 502 2920 dolis
524 2866 554 2920 et
575 2859 696 2936 cingere
717 2857 833 2916 hamma

55 2941 181 3019 reginam
204 2941 345 3016 meditor,
368 2962 407 3004 ne
429 2962 488 3022 quo
510 2963 543 3006 se
568 2943 691 3004 numine
714 2950 822 3015 mutet,

54 3027 97 3087 scd
119 3044 229 3105 magno
252 3028 368 3089 Aeneae
390 3046 507 3090 mecum
529 3036 667 3090 teneatur
687 3045 797 3088 amore.

53 3127 103 3189 qua
124 3112 223 3172 lacere
246 3112 275 3172 id
297 3113 408 3192 possis,
432 3124 564 3176 nostram
587 3132 668 3174 nunc
691 3113 791 3191 accipe
813 3118 952 3171 mentem.

52 3197 145 3276 regius
166 3197 262 3259 accitu
285 3199 344 3258 cari
366 3199 510 3278 genitoris
531 3199 568 3259 ad
589 3198 695 3259 urbem

51 3278 198 3343 Sidoniam
220 3284 361 3361 puerine
383 3293 479 3363 parat,
503 3302 567 3344 mea
589 3285 713 3345 maxima
736 3299 824 3352 cura,

51 3364 121 3428 dona
144 3367 246 3428 ferens
267 3368 371 3448 pelago
394 3378 424 3430 et
444 3370 569 3431 flammis
591 3368 731 3431 restantia
754 3365 872 3440 Troiae;

49 3449 124 3514 bunc
146 3469 203 3530 ego
224 3453 355 3532 sopitum
377 3473 482 3516 somno
505 3474 596 3534 super
617 3455 674 3515 alta
696 3453 821 3532 Cythera
1076 3452 1121 3504 686

48 3547 92 3599 ant
112 3555 207 3618 super
228 3538 351 3600 ldalium
372 3549 484 3601 sacrata
505 3541 575 3601 sede
596 3538 771 3611 recondam,

126 3691 178 3744 646
197 3690 413 3745 carosanum.
433 3693 507 3757 tora,
527 3693 584 3745 836.
671 3691 720 3743 665
742 3687 862 3755 Typhoia
878 3676 969 3735 ‘mulli'
989 3696 1029 3747 ap.
1045 3677 1117 3732 Serv.

100 3759 168 3810 hoca
186 3758 255 3824 libri,
273 3757 348 3814 Rihb.
443 3762 494 3814 668
512 3764 680 3823 iacteturque
698 3757 756 3808 libri
774 3759 873 3820 praeter
891 3750 923 3802 F¹
1008 3749 1119 3828 acerbae

45 3821 192 3897 l¹y¹h¹m
209 3825 284 3881 Rihb.
389 3832 438 3882 oto
456 3844 528 3879 nunc
547 3828 609 3879 F¹cl
626 3826 725 3892 gRibb.
744 3821 805 3872 -P
903 3821 950 3871 ort
970 3823 999 3870 nt
1015 3816 1117 3870 Werdo.

10 3924 13 3949 ι
44 3895 88 3949 615
103 3902 199 3964 poclm
217 3900 268 3950 een.
287 3896 354 3949 Geni
372 3901 411 3952 10.
933 3974 967 4030 Ἢ
