2286 4394
149 247 189 306 28
511 247 540 302 Ρ.
552 246 680 302 VERGlLl
698 247 844 302 nasonis

148 428 302 482 venturam
324 429 353 482 et
375 428 495 482 nostros
517 439 550 481 ca
572 421 629 481 lata
651 438 771 481 manere
794 412 942 501 nepotes'

233 504 354 568 Talibus
375 505 490 568 insidiis
511 505 682 585 periurique
704 514 767 567 arte
789 506 910 568 Sinonis

148 590 258 652 credita
280 609 343 666 res,
367 590 505 670 captique
527 590 602 653 dolis
624 590 811 669 lacrimisque
832 592 958 666 coactis,

148 694 224 755 quos
247 694 343 755 neque
366 676 492 757 Tydides
516 694 571 737 nec
592 676 746 737 Larisaeus
767 676 909 752 Achilles,

149 780 210 822 non
233 761 305 822 anni
327 761 468 823 domuere
491 760 602 834 docem,
626 779 686 822 non
709 761 788 822 mille
811 762 938 823 carinae.

233 845 289 908 llic
310 846 388 908 aliud
410 847 504 908 maius
526 846 641 908 miseris
662 847 814 925 multoque
837 849 1024 910 tremendum

148 930 276 993 obicitur
297 933 391 1012 magis
413 942 503 1012 atquc
525 930 687 1012 improvida
709 940 829 1011 pectora
851 932 960 994 turbat.

148 1017 303 1092 Laocoon,
326 1018 433 1079 ductus
454 1018 593 1098 Neptuno
616 1025 696 1078 sorte
718 1018 870 1090 sacerdos,

147 1102 299 1164 sollemnis
320 1111 438 1164 taurum
460 1102 612 1182 ingentem
635 1101 780 1162 mactabat
800 1102 837 1163 ad
858 1121 933 1164 aras.

148 1205 218 1249 ecce
240 1196 339 1248 autem
361 1187 471 1267 gemini
493 1206 510 1248 a
532 1186 653 1247 Tenedo
675 1187 833 1266 tranquilla
855 1187 988 1267 peralta

149 1272 300 1346 (horresco
322 1273 468 1347 referens)
491 1272 643 1333 immensis
666 1271 788 1333 orbibus
809 1291 923 1351 angues

148 1356 327 1418 incumbunt
348 1357 452 1437 pelago
476 1358 645 1438 pariterque
668 1357 703 1417 ad
725 1357 809 1418 litora
831 1358 968 1419 tendunt.

148 1451 270 1522 pectora
291 1460 419 1520 quorum
440 1441 520 1503 inter
541 1443 648 1504 fluctus
670 1452 783 1503 arrecta
805 1442 951 1522 iubaeque

148 1527 328 1605 sanguineae
350 1537 493 1607 superant
515 1528 618 1602 undas,
641 1545 709 1608 pars
731 1536 828 1588 cetera
851 1535 977 1608 pontum

148 1630 228 1692 pone
248 1612 320 1692 legit
341 1613 500 1691 sinuatque
522 1613 666 1674 immensa
687 1613 837 1674 volumine
860 1621 951 1692 terga.

148 1698 182 1758 tit
203 1698 319 1759 sonitus
340 1707 498 1778 spumante
519 1697 598 1770 salo;
620 1699 738 1777 iamque
761 1716 830 1758 arva
851 1698 994 1760 tenebant

149 1781 338 1861 ardentisque
362 1782 464 1844 oculos
485 1783 599 1844 suffecti
622 1783 768 1862 sanguine
790 1791 820 1843 et
841 1783 904 1862 igni

148 1867 233 1930 sibila
254 1867 424 1928 lambebant
444 1867 554 1947 linguis
575 1867 759 1929 vibrantibus
781 1887 842 1929 ora.

149 1953 320 2032 diffugimus
340 1953 405 2015 visu
427 1971 600 2032 exsangues.
644 1953 685 2013 illi
708 1953 825 2031 agmine
847 1962 928 2015 certo

149 2039 320 2101 Laocoonta
341 2047 456 2119 petunt.
501 2048 531 2101 et
552 2040 681 2120 primum
703 2055 791 2118 parva
813 2037 941 2100 duorum

149 2143 277 2205 corpora
300 2133 438 2186 natorum
458 2143 584 2205 serpens
606 2124 758 2204 amplexus
779 2131 905 2202 uterque

149 2209 280 2290 implicat
301 2217 331 2271 et
353 2210 478 2271 miseros
499 2229 600 2270 morsu
623 2209 792 2289 depascitur
813 2217 910 2283 artus,

148 2304 218 2374 post
238 2295 335 2372 ipsum
358 2294 466 2354 auxilio
488 2293 667 2355 subeuntem
689 2311 724 2354 ac
745 2293 802 2353 tela
823 2294 969 2356 ferentem

151 2379 317 2458 corripiunt
338 2378 485 2457 spirisque
508 2378 601 2457 ligant
621 2377 794 2458 ingentibus
801 2396 810 2453 ;
833 2387 862 2439 ct
883 2379 941 2439 iam

149 2463 195 2524 bis
217 2462 347 2525 medium
369 2462 509 2542 amplexi,
533 2462 577 2523 bis
599 2463 676 2524 collo
699 2481 838 2543 squamea
860 2463 971 2525 circum

149 2557 231 2627 terga
254 2547 313 2607 dati
335 2556 477 2625 superant
498 2548 593 2627 capito
615 2556 645 2608 et
667 2549 830 2610 cervicibus
851 2549 926 2611 altis.

149 2633 199 2696 ille
221 2633 308 2694 simul
329 2632 467 2694 manibus
488 2634 583 2694 tendit
604 2633 740 2695 divellere
764 2633 859 2696 nodos

149 2719 288 2799 perfusus
309 2718 391 2779 sanic
412 2719 496 2780 vittas
518 2727 641 2798 atroque
663 2737 796 2792 veneno,

151 2804 295 2865 clamores
315 2803 403 2865 simul
424 2804 590 2866 horrendos
612 2804 648 2864 ad
669 2805 765 2866 sidera
787 2803 879 2878 tollit,

150 2889 245 2968 qualis
267 2889 412 2967 mugitus,
434 2889 510 2969 fugit
531 2908 598 2950 cum
621 2891 739 2952 saucius
760 2907 840 2950 aram

149 2983 253 3035 taurus
275 2982 305 3034 et
326 2975 469 3036 incertam
492 2976 620 3037 excussit
641 2976 754 3037 cervice
776 2973 914 3036 securim.

150 3068 180 3121 at
201 3059 312 3138 gemini
334 3059 418 3139 lapsu
441 3059 564 3121 delubra
586 3060 621 3120 ad
644 3079 757 3121 summa
779 3060 924 3120 dracones

151 3145 311 3222 diffugiunt
332 3163 493 3223 saevaeque
516 3153 623 3224 petunt
644 3144 805 3206 Tritonidis
827 3162 924 3205 arcem

150 3228 206 3292 sub
229 3227 414 3308 pedibusque
436 3230 508 3290 deae
531 3230 677 3309 clipeique
699 3229 755 3290 sub
778 3229 850 3290 orbe
872 3237 1024 3306 teguntur.

236 3314 311 3374 Tum
333 3333 403 3375 vero
426 3316 597 3376 tremefacta
619 3333 714 3376 novus
735 3332 790 3393 per
811 3323 932 3394 pectora
954 3313 1071 3375 cunctis

151 3400 283 3460 insinuat
304 3417 409 3478 pavor,
432 3409 462 3460 et
481 3399 578 3461 scelus
601 3399 775 3479 expendisse
796 3407 962 3460 merentem

151 3485 321 3546 Laocoonta
343 3484 460 3558 lerunt,
483 3502 599 3546 sacrum
622 3485 672 3563 qui
695 3484 816 3564 cuspide
838 3484 931 3545 robur

151 3570 268 3632 laeserit
290 3579 320 3630 et
341 3579 425 3648 tergo
448 3569 619 3630 sceleratam
641 3570 795 3631 intorserit
815 3570 938 3631 hastam.
989 3604 992 3609 Δ

152 3655 320 3717 ducendum
342 3654 378 3715 ad
401 3655 485 3715 sedes
506 3654 695 3716 simulacrum
720 3657 890 3734 orandaque
912 3655 994 3715 dirae

151 3742 274 3803 numina
297 3740 491 3802 conclamant.

238 3926 288 3978 226
306 3924 443 3989 effugiunt
459 3922 516 3974 libri
535 3938 573 3988 pr.
588 3921 611 3974 bl
625 3928 651 3974 et
663 3921 751 3975 llamb.
764 3922 791 3974 ll.
839 3923 888 3974 230
905 3919 1027 3982 fremunt
1038 3923 1096 3978 cod.
1109 3923 1135 3977 u

462 4114 592 4139 *μ
