2474 4388
461 219 623 276 tutunus
641 221 699 277 tte.
717 223 755 278 lll.

64 399 175 470 quarto
199 401 277 453 terra
299 393 346 455 die
368 393 497 474 primurn
519 413 552 456 se
573 395 706 457 attollere
729 396 846 456 tandem

65 475 143 550 visa,
166 477 283 557 aperire
304 479 409 559 procul
432 479 542 540 montis
563 497 597 540 ac
620 481 735 540 volvere
757 481 880 541 fumum.

64 560 131 621 vola
153 562 277 637 cadunt,
300 564 390 625 remis
411 564 609 644 insurgimus;
632 565 710 626 baud
731 583 830 640 mora,
854 575 960 627 nautae

66 645 167 706 adnixi
189 655 331 726 torquent
352 666 472 728 spumas
494 657 524 710 et
546 649 662 710 caerula
683 660 815 711 verrunt.

65 741 213 792 servatum
236 751 270 793 ex
292 731 381 795 undis
403 734 602 813 Strophadum
624 752 672 795 me
694 734 780 795 litora
802 736 931 814 primum

65 815 226 895 accipiunt.
271 817 452 897 Strophades
473 818 561 879 Graio
584 827 663 880 stant
685 820 806 880 nomine
829 820 938 894 dictae,

64 898 178 961 insulae
201 901 285 963 lonio
308 902 339 963 in
362 921 487 982 magno,
510 919 583 982 quas
605 905 668 965 dira
690 903 818 966 Celaeno

64 983 271 1066 Harpyiaeque
294 987 397 1049 colunt
419 988 504 1063 aliae,
527 988 651 1050 Phineia
672 997 830 1069 postquam

64 1069 163 1132 clausa
186 1071 291 1135 domus
312 1090 489 1152 mensasque
510 1082 592 1135 metu
614 1075 727 1153 liquere
749 1075 873 1154 priores.

62 1154 178 1217 tristius
199 1156 276 1218 baud
299 1156 356 1219 illis
378 1167 564 1232 monstrum,
586 1177 644 1220 uec
666 1159 779 1220 saeuior
800 1159 859 1219 ulla

62 1240 155 1320 pestis
177 1249 206 1301 et
229 1241 271 1302 ira
293 1242 381 1303 deum
405 1243 514 1323 Stygiis
535 1262 599 1304 sese
622 1243 726 1305 extulit
747 1244 844 1306 undis.

62 1325 188 1403 virginei
209 1326 362 1388 volucrum
384 1328 497 1403 voltus,
520 1329 686 1390 foedissima
708 1329 820 1389 ventris

63 1409 229 1488 proluvies,
251 1430 405 1492 uncaeque
427 1430 533 1475 manus
555 1422 585 1474 et
605 1413 712 1494 pallida
733 1431 852 1492 semper

63 1512 115 1554 ora
137 1496 224 1557 lame.

61 1579 121 1640 buc
144 1580 194 1641 ubi
218 1580 305 1643 delati
328 1592 433 1662 portus
455 1581 644 1654 intravimus,
668 1598 736 1642 ecce

61 1663 136 1725 laeta
159 1664 250 1727 boum
272 1667 379 1746 passim
403 1667 515 1746 campis
535 1676 667 1727 armenta
688 1665 820 1727 videmus

61 1749 315 1831 caprigenumque
337 1770 429 1831 pecus
451 1752 533 1813 nullo
556 1751 678 1812 custode
700 1769 756 1831 per
776 1751 891 1813 herbas.

61 1833 209 1896 innuimus
231 1837 310 1897 ferro
332 1844 362 1898 et
384 1836 466 1898 diros
487 1837 644 1916 ipsumque
665 1852 803 1897 vocamus

61 1919 90 1979 in
113 1928 229 2000 partem
252 1922 449 2001 praedamque
472 1921 586 1996 lovem;
608 1929 672 1982 tum
695 1920 781 1981 litore
804 1938 895 1981 curvo

59 2005 298 2085 exstruimusque
319 2014 402 2068 toros
424 2007 607 2086 dapibusque
631 2005 785 2085 epulamur
808 2005 922 2084 opimis.

59 2098 88 2150 at
110 2090 225 2152 subitae
247 2091 387 2152 horrifico
409 2091 493 2170 lapsu
514 2092 553 2152 'de
576 2091 727 2152 montibus
748 2089 857 2150 adsunt

59 2173 208 2256 Harpyiae
231 2184 261 2237 et
281 2176 397 2255 magnis
419 2177 556 2255 quatiunt
578 2174 768 2256 clangoribus
789 2174 850 2235 alas

59 2259 263 2341 diripiuntque
285 2262 375 2342 dapes
397 2269 596 2340 contactuque
619 2260 717 2321 omnia
740 2259 862 2320 loedaut

58 2345 229 2422 immundo;
252 2354 314 2407 tum
337 2365 393 2407 vox
414 2353 541 2407 taetrum
564 2345 627 2405 dira
648 2346 727 2405 inter
750 2343 881 2405 odorem.

58 2448 178 2491 rursum
201 2431 231 2490 in
254 2449 374 2492 secessu
395 2431 486 2509 longo
507 2429 563 2492 sub
586 2448 661 2509 rupe
683 2438 781 2491 cavata

58 2516 234 2578 instruimus
255 2533 371 2577 mensas
393 2516 509 2595 arisque
532 2516 704 2594 reponimus
726 2514 842 2592 ignem;

56 2619 178 2661 rursum
201 2618 237 2661 ex
259 2601 374 2662 diverso
398 2600 471 2662 caeli
493 2601 648 2679 caecisque
670 2598 791 2659 latebris

56 2685 145 2746 turba
168 2703 280 2747 sonans
300 2686 441 2766 praedam
461 2684 588 2765 pedibus
610 2683 802 2745 circumvolat
822 2683 925 2757 trucis,

56 2770 164 2850 polluit
186 2788 238 2832 ore
261 2769 361 2850 dapes.
404 2770 493 2832 sociis
514 2777 604 2843 tunc,
627 2786 707 2830 arma
730 2776 901 2847 capessant,

57 2855 141 2916 edico
165 2863 195 2916 et
216 2856 279 2916 dira
302 2854 411 2916 bellum
433 2861 613 2933 cumgente
635 2855 808 2933 gerendum.

56 2940 134 3001 haud
158 2958 244 3002 secus
266 2957 300 3000 ac
323 2940 395 3001 iussi
416 2941 530 3001 faciunt
551 2948 705 3017 tectosque
728 2956 783 3018 per
805 2935 926 2999 barbam

55 3024 222 3104 disponunt
243 3043 330 3086 enses
351 3035 382 3085 et
401 3035 483 3086 scuta
507 3025 626 3085 latentia
649 3022 792 3084 condunt.

54 3126 128 3188 crgo
150 3109 202 3170 ubi
224 3108 360 3190 delapsae
382 3110 510 3172 sonitum
534 3128 589 3188 per
610 3126 699 3169 curra
721 3109 829 3169 dedere

53 3192 157 3269 litora,
179 3193 230 3255 dat
250 3194 368 3273 signum
391 3194 510 3274 specula
534 3194 665 3255 blisenus
687 3192 723 3253 ab
746 3193 803 3254 alta

54 3296 124 3340 aere
146 3296 227 3340 cavo.
272 3279 414 3341 invadunt
436 3279 507 3340 socii
530 3289 561 3340 et
583 3297 657 3339 nova
679 3277 791 3358 proelia
813 3284 974 3356 temptant,

54 3362 201 3426 obscenas
222 3363 318 3445 pelagi
341 3364 420 3426 ferro
443 3365 561 3425 foedare
583 3363 727 3424 volucres.

52 3447 106 3510 sed
130 3466 228 3529 neque
250 3448 306 3509 vim
329 3448 439 3529 plumis
460 3449 549 3510 ullam
573 3466 630 3510 nec
651 3448 772 3509 volnera
795 3455 878 3526 tergo

50 3616 211 3680 arboribus
233 3618 362 3680 clausam
385 3618 497 3680 circum
520 3627 607 3697 atque
629 3616 823 3679 horrentibus
845 3612 957 3675 umbris

1087 3622 1130 3672 230

138 3751 189 3804 209
203 3753 295 3816 prima
313 3748 356 3820 My
386 3752 472 3816 prim·
490 3749 519 3804 P.
622 3754 672 3804 tto
689 3752 831 3816 occipiunt
852 3747 910 3798 libri
932 3751 1033 3812 praeter
1049 3743 1130 3797 Mb'u

51 3820 102 3872 230
111 3817 165 3881 (-Ι
174 3820 235 3881 att)
248 3817 393 3871 sedtum.
432 3817 646 3888 atamattpa’y
672 3814 1008 3881 claumb²c²angmLad
1035 3813 1129 3865 clausa

50 3889 80 3938 in
98 3884 254 3954 Nettlesbip,
270 3885 360 3939 lourn.
377 3886 407 3938 ol
419 3885 486 3939 Phil.
500 3889 573 3949 1886,
587 3889 628 3941 32.
698 3888 746 3941 241
767 3883 1130 3949 damn.Bibr.188'l,2b‹l⁴l.

943 3968 975 4020 4*
