2474 4388
105 223 165 282 136
474 223 502 277 Ρ.
515 222 643 276 VERGlll
660 223 805 277 nanctus

106 395 184 456 filius
205 394 274 455 huic
294 395 355 454 lato
377 394 475 455 divom
497 395 656 475 prolesque
679 395 768 456 virilis

105 479 187 541 nulla
208 478 265 539 luit
285 478 438 559 primaque
460 478 561 541 oriens
583 488 684 560 erepta
705 479 824 541 inventa
847 488 899 540 est.
944 544 946 549 ,

104 565 167 626 sola
189 564 309 625 domum
331 572 362 624 et
382 572 478 625 tantas
500 564 633 625 servabat
654 564 713 624 ntia
736 565 834 638 sedes,
928 602 930 606 .

105 650 161 710 iam
184 658 297 709 matura
319 648 397 722 viro,
420 647 477 709 iam
500 649 597 729 plenis
619 649 729 710 nubilis
750 648 846 710 annis.

104 732 190 794 multi
212 733 289 793 illam
312 751 419 812 magno
443 753 459 795 e
482 733 564 794 Latio
586 742 707 812 totaque
729 733 872 812 petebant

104 818 251 892 Ausonia,
274 818 348 898 petit
369 827 438 879 ante
459 817 532 880 alios
554 819 772 897 pulcherrimus
794 819 891 880 omnis

105 903 240 977 Turnus,
264 902 323 964 avis
345 903 494 982 atavisque
515 912 638 982 potens;
661 922 750 982 quem
773 903 854 983 regia
876 903 1008 966 coniunx

24 1005 27 1010 ·
104 988 225 1068 adiungi
247 1006 390 1068 generum
414 987 489 1048 miro
512 988 691 1067 properabat
713 1006 823 1049 amore.

104 1074 155 1135 sed
178 1072 266 1133 variis
288 1080 427 1153 portenta
450 1073 536 1133 deum
559 1072 725 1133 terroribus
747 1072 876 1135 obstant.

104 1158 204 1220 laurus
227 1168 291 1218 erat
312 1158 383 1218 tecti
404 1157 501 1218 medio
524 1157 555 1218 in
577 1156 781 1237 penetralibus
802 1158 868 1220 altis

104 1261 188 1305 sacra
210 1260 324 1303 comam
347 1242 515 1320 multosque
537 1251 618 1303 metu
640 1251 752 1304 servata
774 1261 829 1322 per
850 1261 959 1317 annos,

106 1345 194 1407 quam
215 1335 300 1407 pater
321 1327 484 1401 inventam,
506 1327 617 1406 primas
639 1346 707 1389 cum
730 1327 873 1389 conderet
893 1346 992 1404 arces,

104 1413 168 1492 ipse
191 1411 341 1478 serebatur
363 1412 484 1472 Phoebo
505 1430 637 1473 sacrasse
657 1412 781 1474 Latinus

105 1496 320 1574 Laurentisque
343 1496 379 1556 ab
402 1516 437 1557 ea
459 1516 569 1557 nomen
592 1496 727 1577 posuisse
749 1497 877 1572 colonis;

103 1581 192 1642 buius
214 1599 285 1661 apes
306 1599 454 1643 summum
478 1581 587 1643 densae
612 1581 757 1661 (mirabile
779 1581 870 1658 dictu)

104 1666 230 1727 stridore
252 1665 367 1745 ingenti
389 1665 534 1745 liquidum
556 1676 638 1728 trans
660 1668 778 1728 aethera
799 1676 900 1728 vectae

105 1751 248 1812 obsedere
270 1751 384 1831 apicem
407 1751 583 1830 etpedibus
604 1769 658 1830 per
680 1760 782 1813 mutua
803 1751 888 1813 nexis

105 1854 228 1896 examen
251 1835 383 1898 subitum
405 1854 486 1897 ramo
509 1837 667 1896 frondente
689 1836 840 1916 pependit.

106 1921 249 1997 continuo
271 1928 350 1982 vates
369 1913 539 1982 ‘externum
562 1915 728 1982 cernimus'
752 1920 850 2000 inquit

102 1997 273 2066 ‘adventare
295 2005 389 2066 virum
412 2014 441 2067 et
462 2006 555 2086 partis
578 2014 678 2085 petere
700 2023 806 2085 agmen
831 2006 946 2068 easdem

104 2091 238 2170 partibus
260 2109 296 2151 ex
318 2090 412 2151 isdem
435 2099 464 2151 et
485 2108 599 2152 summa
621 2089 803 2151 dominarier
823 2085 915 2152 arce’

105 2184 274 2255 praeterea,
298 2175 385 2237 castis
407 2174 504 2237 adolet
525 2177 596 2237 dum
618 2175 720 2236 altaria
742 2175 834 2237 taedis

105 2269 134 2321 et
155 2260 237 2322 iuxta
259 2260 426 2338 genitorem
448 2260 542 2321 adstat
563 2259 683 2321 Lavinia
704 2261 804 2338 virgo,

104 2345 164 2406 visa
188 2343 295 2421 (nelas)
318 2344 416 2422 longis
438 2345 653 2424 comprendere
675 2344 809 2406 crinibus
830 2344 930 2423 ignem

105 2437 194 2508 atque
217 2447 336 2490 omnem
360 2437 497 2490 ornatum
520 2429 637 2490 llamma
659 2429 824 2509 crepitante
846 2430 972 2491 cremari

104 2513 271 2591 regalisque
294 2532 418 2576 accensa
440 2532 555 2588 comas,
578 2533 703 2576 accensa
725 2530 867 2575 coronam

105 2597 253 2676 insignem
276 2598 417 2678 gemmis,
439 2607 503 2660 tum
525 2599 635 2660 fumida
656 2599 769 2660 lumine
791 2599 869 2660 fulvo

105 2682 214 2743 involvi
236 2701 270 2744 ac
292 2683 362 2744 totis
384 2683 547 2744 Volcanum
570 2701 709 2764 spargere
730 2682 824 2746 tectis.

105 2766 135 2828 id
157 2785 227 2828 vero
250 2768 433 2828 horrendum
456 2787 491 2829 ac
511 2769 574 2830 visu
596 2767 730 2830 mirabile
753 2769 833 2829 lerri.

106 2870 234 2931 namque
257 2853 321 2913 lore
343 2853 498 2914 inlustrem
521 2856 596 2914 lama
618 2853 744 2933 latisque
766 2852 914 2915 canebant

106 2937 215 3017 ipsam,
238 2935 289 2998 sed
311 2937 424 3017 populo
446 2955 587 3016 magnum
609 2938 788 3018 portendere
810 2937 931 3000 bellum.

191 3022 302 3082 Atreu
324 3022 466 3085 sollicitus
487 3023 629 3085 monstris
651 3023 768 3084 oracula
791 3021 900 3097 Fauni,

105 3106 215 3166 fatidici
238 3106 395 3185 genitoris,
418 3107 478 3168 adit
500 3107 642 3186 lucosque
664 3106 719 3169 sub
741 3107 797 3168 alta

105 3190 235 3252 consulit
257 3190 405 3266 Albunea,
428 3210 584 3252 nemorum
607 3210 682 3271 quae
703 3192 829 3254 maxima
850 3212 935 3256 sacro

107 3275 189 3336 lonte
211 3284 298 3336 sonat
319 3293 494 3355 saevamque
517 3277 634 3349 exhalat
654 3294 745 3357 opaca
768 3278 932 3357 mephitim.

107 3360 177 3421 binc
200 3359 287 3421 ltalae
309 3370 414 3439 gentes
436 3362 592 3441 omnisque
615 3360 757 3423 Oenotria
779 3361 866 3424 tellus

107 3445 137 3505 in
161 3444 259 3506 dubiis
280 3463 424 3524 responsa
447 3456 569 3526 petunt,
592 3446 651 3506 buc
673 3447 751 3508 dona
773 3448 937 3510 sacerdos·

107 3548 175 3590 cum
197 3529 265 3591 tulit
287 3538 316 3590 ct
337 3547 489 3592 caesarum
511 3531 608 3593 orium
631 3529 686 3592 sub
709 3540 798 3592 nocte
819 3533 918 3594 silenti

107 3614 235 3693 pellibus
256 3614 394 3677 incubuit
415 3616 514 3678 stratis
535 3633 717 3693 somnosque
739 3616 854 3694 petivit,

107 3698 198 3760 multa
220 3699 315 3761 modis
337 3699 491 3762 simulacra
514 3701 593 3762 videt
612 3700 762 3762 volitantia
784 3700 865 3765 miris

194 3886 227 3935 72
244 3885 279 3946 et]
297 3887 329 3933 ut
347 3883 389 3946 ⁰¹76
476 3886 509 3936 tt
526 3889 555 3936 ut
573 3882 677 3952 dittogr.
696 3885 757 3940 secl.
776 3885 841 3939 llbb.
