2286 4394
76 196 138 257 236
454 195 482 248 Ρ.
494 194 622 248 VERGlLl
640 193 788 250 Minurus

75 389 136 431 uon
159 369 215 430 erit
236 368 343 429 auxilio
366 367 453 429 uobis
476 367 596 428 Aetolus
619 378 648 428 et
670 367 758 447 Arpi:

75 465 104 515 at
126 454 277 533 Messapus
299 452 356 513 erit
377 452 505 531 felixque
527 452 704 513 Tolumnius
726 460 757 512 et
780 471 859 532 quos

75 549 117 599 tot
140 538 243 619 populi
264 538 371 600 misere
393 537 497 611 duces,
521 555 578 598 nee
599 554 688 617 parra
710 545 856 616 sequetur

74 623 167 703 gloria
189 622 319 685 delectos
342 622 424 683 Latio
448 631 477 683 et
499 621 698 683 Laurentibus
720 622 808 702 agris.

74 716 119 771 est
141 718 171 769 et
189 708 364 770 Volscorum
386 707 502 786 egregia
525 707 561 768 de
583 714 673 785 geute
695 706 815 768 Camilla

75 811 182 873 agmen
205 812 297 873 ageos
319 792 453 870 equitum
475 799 505 852 et
526 791 660 853 florentis
682 809 750 853 aere
773 800 916 857 catervas.

77 879 156 958 quod
178 879 203 941 si
225 897 272 939 me
293 878 389 940 solum
412 877 520 937 Teucri
542 877 573 938 in
596 877 756 938 certamina
779 887 913 957 poscunt

76 964 166 1043 idque
189 964 285 1044 placet
307 970 482 1040 tantumque
504 961 592 1023 bonis
613 961 823 1024 communibus
847 963 955 1038 obsto,

79 1068 140 1110 non
162 1048 235 1110 adeo
258 1049 310 1109 has
333 1065 420 1109 exosa
441 1064 546 1108 manus
568 1046 696 1108 Victoria
719 1046 808 1125 sugit,

77 1144 111 1195 ut
132 1143 212 1196 tanta
235 1134 393 1212 quicquam
416 1150 471 1211 pro
494 1150 547 1211 spe
568 1139 715 1211 temptare
737 1149 885 1194 recusem.

78 1218 127 1279 ibo
150 1219 255 1279 animis
278 1226 395 1290 contra,
419 1216 465 1277 vel
487 1234 628 1297 magnum
651 1226 780 1296 praestet
802 1217 939 1280 Achillen

78 1303 213 1380 laetaque
235 1302 357 1362 Volcani
379 1301 517 1363 manibus
538 1302 620 1382 paria
641 1301 745 1363 induat
766 1319 847 1362 arma

78 1386 125 1447 ille
147 1387 225 1447 licet.
269 1385 352 1446 vobis
374 1386 501 1447 animam
524 1387 602 1448 hanc
623 1404 788 1465 soceroque
810 1387 919 1450 Latino

77 1471 197 1531 Turnus
220 1488 290 1575 ego,
312 1471 390 1531 haud
413 1471 464 1531 ulli
486 1479 619 1532 veterum
640 1471 749 1533 virtute
771 1472 940 1548 secundus,

77 1555 188 1616 devovi
229 1550 347 1616 ‘solum
372 1557 485 1617 Aeneas
508 1561 623 1617 vocat.“
666 1565 696 1618 et
716 1565 815 1630 vocet,
840 1575 910 1633 oro;

78 1660 134 1702 nec
157 1641 288 1702 Drances
309 1641 424 1738 potius,
447 1641 507 1702 sive
530 1649 576 1703 est
597 1641 698 1702 haec
691 1660 733 1702 rra
754 1641 896 1718 deorum,

79 1734 174 1787 morte
196 1727 270 1801 luat,
293 1726 352 1787 sive
375 1735 420 1788 est
440 1727 533 1788 virtus
555 1734 585 1787 et
606 1726 714 1805 gloria,
736 1719 842 1788 tollat.³

163 1811 209 1873 llli
231 1812 303 1873 haec
326 1812 405 1872 inter
426 1831 457 1873 se
480 1811 576 1872 dubiis
599 1812 635 1872 de
658 1811 748 1873 rebus
769 1811 898 1892 agebant

79 1905 241 1958 certantes:
270 1905 365 1958 castra
387 1898 501 1958 Aeneas
523 1895 677 1976 aciemque
699 1897 843 1958 movebat.

79 1983 203 2044 nuntius
225 1982 340 2062 ingenti
366 2000 420 2061 per
444 1981 524 2061 regia
547 1989 624 2042 tecta
648 1981 775 2043 tumultu

78 2084 147 2128 ecce
169 2068 230 2128 ruit
250 2067 426 2146 magnisque
448 2067 553 2127 urbem
574 2065 743 2128 terroribus
764 2066 881 2146 implet:

78 2152 239 2214 instructos
261 2153 323 2213 acie
346 2151 487 2213 Tiberino
509 2169 526 2211 a
547 2151 670 2212 flumine
692 2151 823 2212 Teucros

79 2237 322 2318 Tyrrhenamque
344 2255 464 2298 manum
487 2236 556 2297 totis
579 2236 759 2298 descendere
781 2236 903 2317 campis.

79 2322 226 2403 extemplo
250 2322 360 2383 turbati
382 2323 473 2383 animi
496 2339 699 2401 concussaque
721 2322 799 2402 volgi

79 2417 200 2484 pectora
223 2415 252 2467 et
274 2416 405 2467 arrectae
428 2407 553 2468 stimulis
575 2408 653 2468 haud
675 2405 813 2469 mollibus
836 2406 905 2467 irae.

79 2508 160 2551 arma
182 2509 272 2550 manu
295 2491 402 2570 trepidi
424 2502 568 2569 poscunt,
593 2492 692 2553 fremit
713 2510 793 2552 arma
815 2493 968 2566 iuventus,

79 2576 151 2635 ssent
175 2575 278 2636 maesti
300 2585 492 2653 mussantque
515 2588 623 2657 patres.
667 2576 716 2637 hic
738 2577 870 2656 undique
894 2578 1010 2638 clamor

79 2661 216 2722 dissensu
237 2660 317 2721 varic
341 2678 466 2740 magnus
488 2681 519 2723 se
542 2662 618 2723 tollit
640 2663 674 2722 ad
698 2681 799 2735 auras,

79 2745 157 2806 haud
179 2765 264 2808 secus
287 2755 374 2826 atque
397 2747 456 2807 alto
478 2749 508 2807 in
533 2748 599 2808 luco
623 2766 690 2808 cum
715 2748 789 2807 forte
812 2755 946 2808 catervae

80 2832 243 2894 consedere
266 2833 361 2894 avium
384 2833 536 2930 piscosove
559 2851 646 2893 amne
668 2832 799 2894 Padusae

81 2919 152 2979 dant
173 2919 304 2980 sonitum
326 2919 408 2980 rauci
416 2937 485 3023 per
507 2927 609 2998 stagna
631 2918 766 2995 loquacia
789 2918 883 2997 cycni.

77 2997 196 3063 ‘immo'
222 3004 261 3064 ait
280 2997 443 3075 ‘ocivesss
467 3014 584 3084 arrepto
607 3012 741 3083 tempore
762 3002 899 3075 Turnus,

77 3081 187 3164 ‘cogite
210 3088 368 3149 concilium
392 3097 421 3149 et
443 3106 546 3193 pacem
568 3089 683 3149 laudate
706 3088 858 3161 sedentes;

81 3170 122 3230 illi
145 3172 234 3231 armis
256 3172 286 3232 in
310 3190 400 3249 regna
425 3169 540 3233 ruunt'
588 3192 643 3234 nee
665 3173 749 3253 plura
771 3172 888 3233 locutus

79 3255 226 3358 corripuit
248 3274 312 3317 sese
335 3265 364 3316 et
385 3257 470 3317 tectis
492 3257 567 3318 citus
590 3258 695 3319 extulit
716 3258 789 3319 altis.

92 3340 291 3414 tu,Voluse‚
314 3342 420 3401 armari
443 3341 616 3403 Volscorum
639 3343 721 3403 edice
744 3342 895 3422 maniplis;

82 3422 153 3487 duc’
178 3426 218 3488 ait
236 3419 279 3486 et
300 3426 435 3488 Rutulos.
481 3428 626 3506 equitem,
650 3428 816 3508 Messapus,
840 3427 870 3488 in
894 3425 999 3499 armis,

82 3521 111 3573 et
133 3531 200 3573 cum
224 3513 314 3573 iratre
338 3512 443 3586 Coras,
466 3514 531 3575 latis
554 3513 709 3575 diffundite
732 3513 853 3593 campis.

83 3616 151 3676 pars
173 3597 268 3658 aditus
290 3598 372 3659 urbis
395 3598 493 3658 firmet
514 3599 663 3678 turrisque
686 3606 834 3678 capessat;

167 3750 215 3800 433
235 3752 277 3814 (=
291 3748 333 3800 Vll
352 3749 411 3812 804)
429 3747 484 3816 lley
486 3749 528 3800 nio
547 3763 616 3815 susp.
704 3751 754 3800 454
771 3750 838 3810 lieet
854 3752 955 3799 matres
973 3744 1039 3797 Gent
1059 3749 1086 3799 59

82 3816 131 3864 455
150 3817 308 3878 adlinlibri
320 3815 406 3882 pr.;lll
420 3765 494 3869 Ribb.
564 3818 611 3869 461
631 3821 747 3880 ναανιὶχ
813 3812 1072 3932 46311ιαηὶρὶοεΡῇῑ

82 3882 133 3932 464
150 3883 285 3947 equitesl
304 3900 341 3951 pr.
361 3883 437 3935 MP¹b
524 3885 574 3935 466
592 3883 700 3945 firment
718 3882 833 3936 M¹Rbecr
887 3886 1027 3950 capescant
1067 3881 1086 3932 b
