2286 4394
81 143 142 202 162
452 143 480 196 Ρ.
493 143 622 197 vuuulu
639 145 786 201 menonis

79 325 219 396 quattuor
241 333 256 375 a
278 314 401 377 stabulis
423 315 585 394 praestanti
607 333 734 396 corpore
755 325 857 381 tauros

79 401 198 472 avertit,
221 400 343 461 totidem
365 401 460 460 iorma
483 408 643 479 superante
665 402 820 479 iuvencas;

79 495 167 565 atque
189 486 259 559 hos,
284 503 321 545 ne
345 503 402 562 qua
424 485 525 545 iorent
547 485 671 564 pedibus
692 487 813 566 vestigia
835 490 937 564 rectis,

79 570 170 633 cauda
193 570 224 630 in
247 570 418 649 speluncam
442 577 552 630 tractos
573 569 725 650 versisque
746 572 861 635 viarum

80 654 195 716 indiciis
217 662 318 734 raptos
340 672 411 714 saro
434 653 600 715 occultabat
622 672 726 734 opaco.

79 740 233 819 quaerenti
257 739 338 800 nulla
360 740 396 799 ad
418 739 590 817 speluncam
613 739 697 819 signa
721 741 866 803 ferebant.
889 778 931 788 -

78 826 208 898 interea,
231 843 299 886 cum
320 823 377 884 iam
399 823 522 884 stabulis
542 832 671 885 saturata
692 834 824 887 moveret

79 908 356 990 Amphitryoniades
377 916 512 970 armenta
532 908 704 988 abitumque
725 919 859 990 pararet,

80 996 209 1057 discessu
231 993 346 1073 mugire
368 992 459 1056 hoves
480 1002 568 1071 atque
592 1011 681 1055 omne
703 996 844 1073 querellis

78 1080 195 1160 impleri
218 1096 324 1140 nemus
346 1087 375 1138 et
398 1078 488 1140 eolles
509 1077 638 1140 clamore
660 1079 799 1158 relinqui.

79 1164 204 1226 reddidit
224 1181 285 1224 una
306 1162 397 1223 boum
419 1180 522 1223 vocem
543 1171 684 1241 vastoque
706 1164 761 1226 sub
783 1173 870 1226 antro

79 1249 183 1328 mugiit
205 1255 235 1308 et
256 1247 323 1309 Caci
346 1264 429 1326 spem
451 1247 596 1309 custodita
618 1248 731 1310 seiellit.

78 1334 126 1395 hio
148 1351 217 1392 vero
239 1331 358 1392 Aloidae
380 1330 465 1394 iuriis
488 1341 636 1394 exarserat
656 1342 720 1394 atro

78 1418 146 1479 ielle
168 1416 269 1489 dolor,
293 1416 369 1495 rapit
391 1433 471 1477 arma
493 1434 583 1479 manu
605 1417 751 1496 nodisque
773 1427 923 1496 gravatum

78 1501 171 1563 robur
194 1508 225 1562 et
246 1501 318 1561 aerii
340 1518 430 1561 cursu
453 1501 528 1580 petit
548 1502 640 1563 ardua
661 1501 781 1564 montis.

78 1594 140 1648 tum
163 1585 292 1665 primum
316 1585 410 1646 nostri
433 1585 541 1647 Cacum
562 1586 663 1648 videre
684 1587 838 1649 timentem

77 1671 289 1749 turbatumque
311 1668 404 1745 oculi;
427 1671 502 1748 fugit
524 1671 603 1732 ilicet
624 1671 707 1732 ocior
728 1671 810 1734 Euro

78 1755 309 1836 speluncamque
332 1754 420 1834 petit:
443 1755 569 1834 pedibus
590 1755 681 1817 timor
700 1756 810 1818 addidit
831 1757 899 1819 alas.

78 1850 111 1903 ut
133 1860 199 1903 sese
221 1839 342 1901 inclusit
364 1839 519 1918 ruptisque
541 1840 669 1901 immane
693 1841 804 1904 eatenis

79 1925 185 1988 deiecit
207 1943 324 1998 sarum,
347 1925 427 1985 ferro
450 1924 531 2002 quod
553 1932 583 1985 et
603 1933 666 1985 arte
687 1932 811 2004 paterna

77 2010 241 2091 pendebat,
265 2009 413 2087 iultosque
436 2009 561 2069 emuniit
583 2007 668 2071 obice
691 2009 799 2088 postis,

78 2113 163 2171 ecoe,
186 2097 288 2157 furens
310 2093 415 2155 animis
437 2093 538 2154 aderat
558 2093 732 2173 Tirynthius
754 2112 933 2175 omnemque

78 2199 230 2243 accessum
250 2180 379 2241 lustrans
401 2179 460 2240 huc
483 2196 534 2240 ora
555 2178 669 2240 serebat
690 2190 720 2240 et
742 2178 812 2240 illuc

78 2264 216 2326 dentibus
238 2265 427 2326 infrendens:
450 2273 496 2324 ter
517 2270 613 2324 totum
634 2263 763 2325 fervidus
784 2264 827 2325 ira

76 2351 182 2411 lustrat
203 2348 341 2409 Aventini
363 2356 512 2423 montem,
535 2357 581 2410 ter
603 2366 689 2410 saxea
711 2355 835 2429 temptat

78 2434 178 2495 limina
201 2433 396 2511 nequiquam,
419 2442 466 2493 ter
486 2435 582 2496 lessus
602 2434 676 2495 valle
699 2433 817 2495 resedit.
840 2467 881 2479 —

77 2517 172 2580 stabat
194 2526 279 2578 acuta
301 2517 388 2592 silex,
412 2517 552 2597 praecisis
574 2519 707 2598 undique
728 2518 804 2581 saxis

77 2602 237 2683 speluncae
259 2603 347 2663 dorso
370 2602 544 2681 insurgens,
566 2603 705 2665 altissima
727 2604 806 2677 visu,

77 2688 207 2748 dirarum
230 2687 307 2748 nidis
329 2688 434 2749 domus
456 2696 626 2768 opportuna
646 2688 811 2750 voluerum.

77 2775 169 2846 hanc,
192 2779 226 2834 ut
247 2790 342 2851 prona
364 2774 433 2850 iugo
456 2773 569 2834 laevum
592 2772 782 2834 incumbebat
804 2773 839 2835 ad
861 2791 993 2846 amnem,

77 2858 178 2919 dexter
200 2857 230 2918 in
254 2858 408 2920 adversum
431 2858 530 2920 nitens
551 2857 702 2918 concussit
724 2865 753 2918 et
774 2858 841 2920 imis

76 2943 203 3005 avolsam
226 2942 311 3004 solvit
333 2943 496 3019 radicibus,
519 2942 588 3004 inde
611 2949 735 3021 repente

76 3027 207 3107 impulit,
231 3026 360 3104 impulsu
383 3046 442 3106 quo
465 3028 607 3089 maximus
629 3026 747 3088 intonat
768 3026 883 3099 aether,

76 3111 233 3173 dissultant
254 3111 336 3190 ripae
358 3112 515 3191 relluitque
539 3112 696 3172 exterritus
718 3111 823 3172 amnis.

76 3205 105 3256 at
127 3213 234 3274 specus
256 3202 286 3255 et
308 3193 376 3255 Caci
398 3197 512 3258 detecta
534 3197 669 3276 apparuit
691 3197 798 3275 ingens

76 3281 157 3360 regia
180 3289 208 3340 et
230 3278 388 3340 umbrosae
412 3280 530 3360 penitus
552 3288 673 3361 patuere
696 3297 855 3353 cavernae,

78 3385 138 3427 non
162 3383 247 3426 secus
270 3383 303 3425 ao
326 3365 350 3425 si
373 3383 430 3444 qua
452 3366 571 3445 penitus
594 3366 620 3426 vi
643 3374 723 3428 terra
745 3364 901 3426 dehiscens

78 3452 211 3513 iniernas
233 3457 346 3510 reseret
368 3451 452 3512 sedes
473 3459 504 3512 et
525 3468 615 3530 regna
638 3450 771 3512 recludat

161 3603 208 3652 211
227 3604 323 3665 raptor
340 3599 414 3652 Walr.
434 3600 507 3653 Ribh.
577 3601 626 3653 212
644 3598 831 3664 quaerenllsh
870 3603 1027 3665 quaerentes
1045 3597 1074 3665 R)

76 3669 125 3720 218
138 3668 277 3730 s.Aloidas
295 3666 388 3728 triariis
406 3685 447 3720 acc.
460 3687 484 3721 a.
496 3668 518 3729 f.
532 3669 566 3734 d.)
578 3684 600 3720 r.
615 3666 715 3732 SpeiJer
728 3670 769 3721 24.
826 3669 875 3719 223
894 3667 966 3718 oculi
983 3686 1011 3730 χς
1033 3666 1065 3719 cl.

74 3736 165 3786 oeulos
203 3736 211 3767 ¹
246 3736 330 3786 oculis
348 3739 397 3787 cet.
415 3736 481 3801 libri,
499 3735 573 3787 Ribh.
660 3738 710 3789 236
731 3738 778 3799 ud]
797 3738 826 3786 in
844 3738 911 3786 auct.
930 3733 993 3787 lulio
1016 3734 1073 3785 Rufi

75 3803 124 3853 255
143 3753 208 3852 uni.
296 3805 346 3854 244
363 3809 465 3853 reserat
481 3801 633 3873 hl²Pllya¹c¹
997 3788 1012 3802 ’
