2474 4388
263 205 291 258 Ρ.
304 203 432 257 vendut
448 201 594 258 Mouchis
612 201 774 258 eubuleus
796 205 856 258 LlB.
872 205 914 261 lll.
1070 207 1129 266 177

53 378 136 458 quid,
155 374 294 440 dubitas?
317 394 400 438 nunc
420 385 538 458 tempus
560 395 669 457 equos,
692 395 774 438 nunc
795 395 918 457 poscere
940 397 1056 442 currus.

55 481 166 544 rumpe
187 480 286 524 moras
308 463 405 524 omnis
427 471 457 523 et
477 461 594 523 turbata
615 461 713 541 arripe
735 453 848 524 castra-3

56 549 134 611 dixit
155 558 185 610 et
205 549 236 610 in
259 547 372 609 caelum
395 547 517 627 paribus
538 565 570 609 se
592 547 711 609 sustulit
731 547 784 609 alis

57 635 272 713 ingentemque
293 633 363 711 luga
385 633 479 694 secuit
500 631 555 694 suh
578 631 708 694 nubibus
730 650 840 694 arcum.

56 719 201 799 adgnovit
221 718 336 780 iuvenis
358 717 542 797 duplicisque
564 717 716 779 adsidere
738 718 851 797 palmas
925 778 930 790 ,

57 803 181 866 sustulit
200 822 234 865 ac
255 803 306 864 tali
329 803 490 882 lugientem
504 811 557 864 >est
578 821 649 864 voce
670 811 806 866 secutus:

54 882 128 963 ‘lri,
151 890 241 950 decus
263 887 351 962 caeli,
374 888 441 966 quis
462 895 492 948 te
513 887 584 948 mihi
607 885 739 949 nubibus
759 897 852 951 actam

59 973 168 1035 detulit
188 975 219 1035 in
241 970 357 1034 terras‘l
379 972 459 1033 unde
481 973 554 1034 haec
574 980 634 1032 tam
657 972 735 1033 clara
757 984 880 1053 repente

59 1056 243 1139 tempestas?
265 1057 395 1119 medium
416 1058 500 1118 video
522 1056 674 1118 discedere
696 1057 810 1120 caelum

59 1144 249 1225 palantisque
270 1143 340 1222 polo
362 1142 469 1204 stellas.
513 1160 623 1221 sequor
644 1143 744 1202 omina
765 1152 862 1217 tanta,

60 1229 197 1308 quisquis
218 1229 249 1289 in
273 1245 354 1289 arma
375 1223 481 1288 vocas?
526 1228 619 1288 etsie
642 1228 747 1289 effatus
769 1229 804 1289 ad
826 1229 935 1290 undam

60 1314 208 1395 processit
229 1331 405 1392 summoque
426 1312 524 1374 hausit
545 1311 581 1372 de
603 1313 720 1392 gurgite
741 1313 875 1394 lymphas

60 1399 154 1460 multa
175 1398 246 1460 deos
269 1416 358 1460 orans
380 1398 571 1476 oneravitque
593 1399 710 1459 aethera
731 1398 816 1460 votis.

149 1484 269 1562 lamque
291 1483 388 1545 omnis
410 1483 521 1562 eampis
542 1482 689 1545 exercitus
710 1482 771 1545 ibat
792 1485 915 1566 apertis,

59 1567 144 1630 dives
165 1587 290 1648 equum,
313 1568 393 1629 dives
414 1567 504 1648 pictai
524 1568 613 1629 restis
634 1576 664 1630 et
685 1569 764 1643 auri3

62 1653 216 1734 llessapus
237 1653 347 1734 primas
368 1653 462 1727 acies,
484 1663 633 1732 postrema
655 1663 794 1714 coercent

64 1738 226 1818 Tyrrhidae
247 1739 384 1812 iuvenes3
406 1737 502 1798 medio
525 1738 584 1798 dux
605 1738 722 1818 agmine
745 1739 879 1812 Turuus;

63 1827 191 1886 vertitur
212 1843 295 1886 amoc
316 1834 414 1886 teneus
435 1832 462 1884 et
483 1831 541 1885 toto
563 1825 665 1884 vertice
685 1841 775 1903 supra
796 1835 844 1886 est.

63 1926 121 1970 ceu
141 1919 255 1989 septem
277 1926 404 1988 surgens
424 1907 532 1970 sedatis
554 1907 692 1969 amnibus
714 1907 789 1969 altus

64 2012 120 2074 per
141 1994 263 2055 tacitum
286 1993 404 2071 Ganges
425 2000 476 2054 aut
496 1993 601 2073 pingui
623 1993 745 2054 llumine
768 1992 865 2067 Nilus,

64 2096 134 2140 cum
156 2079 253 2140 refluit
274 2078 386 2159 campis
408 2089 438 2139 et
458 2078 516 2138 iam
538 2097 570 2140 se
592 2077 724 2139 condidit
745 2078 836 2139 alveo.

63 2163 114 2225 hic
135 2164 261 2226 subitam
284 2164 370 2242 nigro
392 2163 549 2243 glomerari
570 2163 692 2243 pulvere
714 2162 825 2224 nubem

64 2249 254 2329 prospiciunt
275 2248 382 2310 Teucri
403 2267 438 2310 ac
459 2247 598 2310 tenebras
619 2248 776 2328 insurgere
798 2250 918 2330 campis.

59 2334 179 2437 primus
200 2335 236 2395 ab
260 2333 379 2395 adversa
402 2333 566 2395 conclamat
587 2333 665 2394 mole
687 2332 806 2396 Caicus:

75 2419 143 2498 quis
164 2419 285 2499 globus,
308 2438 326 2480 o
349 2419 442 2492 cives,
465 2419 590 2498 caligine
611 2419 736 2480 volvitur
757 2421 834 2480 atral

65 2505 141 2565 terte
162 2505 212 2566 citi
235 2505 364 2578 serrum,
387 2503 453 2565 date
475 2503 548 2577 tela,
571 2505 720 2566 ascendite
743 2523 859 2579 muros,

65 2589 160 2651 hostis
180 2589 278 2664 adest,
300 2584 395 2650 heial’
424 2589 539 2669 ingenti
559 2589 687 2651 clamore
710 2608 765 2670 per
787 2591 882 2652 omnis

65 2675 201 2736 condunt
222 2693 254 2736 se
275 2673 383 2736 Teucri
405 2682 506 2754 portas
528 2682 556 2735 et
578 2675 696 2736 moenia
719 2675 877 2756 complent.

67 2777 195 2838 namque
217 2760 256 2820 ita
278 2759 433 2822 discedens
453 2767 647 2839 praeceperat
669 2759 798 2840 optimus
820 2760 908 2822 armis

66 2845 196 2906 Aeneas:
225 2844 249 2906 si
272 2860 329 2923 qua
352 2845 464 2905 interea
486 2845 606 2905 lortuna
628 2844 747 2919 luisset,

66 2948 127 2991 neu
148 2938 262 2991 struere
283 2930 428 2991 auderent
450 2929 541 2990 aciem
564 2946 624 2991 neu
647 2928 768 2990 credere
790 2947 911 3010 campo;

66 3024 162 3076 castra
184 3015 271 3076 modo
294 3023 323 3076 et
343 3023 424 3077 tutos
446 3023 599 3076 servarent
620 3032 726 3094 aggere
748 3032 857 3076 muros.

66 3116 140 3179 ergo
162 3100 217 3162 etsi
239 3100 376 3161 conlerre
399 3117 520 3162 mauum
541 3099 638 3179 pudor
659 3099 761 3179 iraque
783 3107 944 3174 monstrat,

68 3184 205 3246 obiciunt
225 3192 326 3264 portas
348 3193 446 3246 tameo
469 3193 499 3247 et
520 3194 677 3265 praecepta
700 3186 851 3248 lacessunt

66 3269 231 3348 armatique
253 3270 329 3332 caris
351 3278 524 3349 exspectant
544 3269 677 3332 turribus
699 3271 823 3333 hostem.

154 3353 289 3429 Turnus,
312 3363 346 3417 ut
366 3365 434 3417 ante
456 3355 557 3417 volans
579 3355 695 3417 tardum
717 3364 918 3436 praecesserat
940 3373 1044 3435 agmen

66 3439 172 3519 viginti
193 3439 278 3502 lectis
300 3440 432 3520 equitum
455 3441 611 3503 comitatus
633 3448 662 3502 et
683 3440 750 3502 urbi

68 3523 246 3604 improvisus
267 3525 364 3600 adest,
387 3525 508 3587 maculis
530 3543 617 3604 quem
641 3525 784 3588 Thracius
806 3525 879 3588 albis

157 3676 188 3727 13
206 3678 232 3724 et
249 3677 368 3739 herbata]
387 3680 467 3792 utpote
485 3675 578 3726 orbato
596 3674 663 3727 (ient
680 3678 721 3728 tu.
809 3677 839 3726 ll
859 3676 899 3737 ac]
919 3678 944 3724 ct
962 3672 1026 3737 ltux
1037 3672 1097 3725 Lad.

68 3743 101 3795 21
120 3741 260 3824 aequarhl
314 3746 346 3796 29
365 3745 407 3807 (ι-
436 3741 529 3811 ssata)
547 3758 597 3795 om.
615 3742 673 3824 libri
690 3746 790 3824 praeter
806 3761 823 3806 χ
879 3744 909 3794 47
929 3745 969 3806 ut]
988 3746 1017 3793 at
1029 3740 1144 3793 Schenkl

68 3808 164 3930 :pfgqffi'
199 3809 720 3933 ligb'ossssmiuidussissa'ss'egffi'¹⁸¹⁶
737 3810 874 3863 arbitratus
892 3816 952 3877 post
964 3826 989 3862 v.
1000 3813 1032 3863 50
1045 3817 1143 3876 puncto

123 3968 243 4024 Terglllus.
962 3963 992 4018 12
