2286 4394
45 238 87 297 48
416 235 444 291 P.
458 235 584 290 VERGlLl
602 235 746 290 monulus

44 412 184 474 submissi
206 411 333 491 petimus
355 420 463 472 terram
485 418 516 471 et
536 427 592 470 vor
615 411 710 471 lertur
731 410 768 471 ad
790 411 887 474 auris:

43 491 238 557 ‘Dardanidae
260 495 342 568 duri,
366 514 440 574 quae
462 514 514 557 vos
535 512 552 555 a
574 495 666 575 stirpe
688 503 846 575 parentum

47 581 140 662 prima
162 581 229 642 tulit
250 580 351 655 tellus,
374 580 475 642 eadem
498 599 549 641 vos
571 579 663 641 ubere
685 580 761 642 laeto

44 667 171 747 accipiet
191 667 330 728 reduces:
354 666 504 745 antiquam
527 665 672 744 exquirite
693 676 833 741 matrcm;

47 752 95 813 hic
118 752 223 813 domus
246 753 362 814 Aeneae
384 751 499 813 cunctis
521 749 722 812 dominabitur
743 750 803 812 oris

46 846 77 899 ct
99 838 161 898 nati
184 847 320 899 natorum
343 836 445 915 etqui
468 844 628 898 nascentur
649 834 685 896 ah
708 830 789 898 illis’
839 884 842 889 .

48 924 120 985 haec
142 922 298 1005 Phoebus3
320 922 471 1000 mixtoque
494 921 599 1000 iugens
622 929 723 982 exorta
745 921 875 983 tumultu

48 1008 155 1070 laetitia
179 1018 208 1070 et
229 1008 346 1081 cuncti,
369 1025 444 1087 quae
465 1006 525 1068 sint
546 1024 579 1067 ea
602 1006 734 1082 moenia,
757 1015 921 1086 quaeruut,

46 1113 108 1174 quo
132 1092 269 1155 Phoebus
292 1102 375 1154 vocet
397 1091 523 1153 errantis
544 1089 702 1170 iubeatque
723 1091 840 1152 reverti.

49 1190 112 1240 tum
134 1179 251 1258 genitor
272 1187 401 1238 veterum
425 1177 543 1237 volvens
564 1184 756 1238 monumenta
778 1176 910 1239 virorum

45 1258 172 1336 ‘auditc,
196 1283 213 1324 o
235 1256 405 1342 proceres,’
430 1262 469 1321 ait
488 1252 530 1322 ‘et
552 1280 620 1340 spes
642 1261 744 1323 discite
766 1270 887 1325 vestras.

49 1348 133 1409 Creta
156 1348 231 1409 lovis
253 1347 352 1426 magni
374 1346 470 1407 medio
493 1346 569 1407 iacet
589 1346 684 1408 insula
707 1356 816 1426 ponto,

48 1452 135 1495 mous
156 1433 260 1494 Idaeus
283 1432 332 1493 ubi
355 1440 385 1495 et
406 1431 502 1511 gentis
525 1431 671 1494 cunabula
694 1440 821 1493 nostrae.

46 1527 170 1580 centum
193 1517 282 1579 urbes
305 1517 437 1578 habitant
458 1534 593 1594 magnas,
617 1516 765 1579 uberrima
788 1535 896 1596 regna,

27 1603 192 1664 maximus
215 1603 293 1664 unde
316 1612 412 1683 pater,
435 1601 460 1663 si
484 1601 538 1662 rite
561 1601 657 1663 audita
680 1602 837 1676 recordor,

49 1688 183 1750 Teucrus
205 1688 349 1749 Rhoeteas
370 1687 498 1768 primum
521 1694 566 1748 est
587 1687 724 1749 advectus
745 1689 780 1749 ad
803 1705 871 1749 orus

48 1773 218 1854 optavitque
240 1774 338 1834 locum
361 1790 464 1850 regno.
508 1772 642 1834 nondum
666 1772 750 1833 llium
772 1781 802 1834 ct
824 1791 908 1835 arces

50 1858 228 1938 Pergameae
250 1867 409 1932 steterant;
433 1855 603 1918 habitabant
625 1856 747 1919 vallibus
769 1857 844 1920 imis.

49 1944 120 2006 hinc
142 1954 236 2007 mater
258 1944 364 2006 cultrix
387 1942 512 2024 Cybelae
535 1941 772 2022 Corybantiaque
794 1961 861 2005 acra

50 2029 228 2110 Idaeumque
252 2049 370 2102 nemus,
393 2030 462 2090 hinc
485 2028 541 2088 lida
563 2027 678 2089 silentia
700 2027 792 2089 sacris

47 2125 79 2177 et
101 2117 193 2178 iuncti
215 2134 335 2177 currum
359 2115 494 2176 dominae
516 2113 633 2175 subiere
655 2113 766 2175 leones.

48 2220 121 2280 ergo
144 2202 221 2280 agite
243 2209 287 2269 et,
311 2201 406 2261 divom
429 2201 543 2260 ducunt
564 2216 621 2278 qua
643 2198 736 2270 iussa,
759 2214 934 2277 sequamur;

51 2287 200 2365 placemus
222 2295 324 2346 ventos
347 2294 376 2345 et
398 2283 507 2344 Gnosia
527 2301 618 2361 regna
640 2292 783 2363 petamus.

49 2389 106 2431 nec
128 2371 217 2448 longo
239 2368 349 2429 distant
370 2387 474 2429 cursu:
497 2369 584 2429 modo
607 2368 740 2449 luppiter
760 2368 849 2442 adsit,

50 2454 206 2514 tertiatur
228 2454 350 2514 classem
374 2452 500 2514 Cretaeis
522 2452 606 2515 sistet
627 2454 657 2515 ic
681 2444 758 2515 oris.'

50 2539 92 2600 sic
116 2539 191 2600 latus
213 2538 333 2599 meritos
354 2538 412 2599 aris
435 2539 570 2599 mactavit
591 2538 735 2611 honores,

49 2634 167 2685 taurum
190 2624 344 2702 Neptuno,
368 2634 484 2685 taurum
506 2623 572 2697 tihi,
595 2624 721 2703 pulcher
742 2621 863 2703 Apollo,

51 2709 166 2788 nigrum
189 2708 282 2771 Hiemi
306 2710 465 2788 pecudem,
489 2708 630 2789 Zephyris
651 2707 785 2771 felicibus
807 2706 912 2768 albam.

137 2794 222 2855 Fama
246 2795 323 2856 volat
344 2795 461 2875 pulsum
484 2795 584 2874 regnis
606 2794 728 2856 cessisse
751 2793 881 2873 paternis

49 2879 207 2941 idomenea
229 2881 349 2954 ducem,
372 2882 547 2959 desertaque
570 2880 653 2941 litora
677 2878 795 2950 Cretae,

51 2966 134 3026 hoste
155 2984 258 3026 vacare
280 2967 383 3028 domos
405 2966 549 3045 sedesque
571 2966 686 3027 adstare
707 2964 832 3026 relictas.

51 3051 187 3112 nauticus
210 3052 340 3112 exoritur
361 3051 440 3112 vario
463 3051 623 3112 certamine
646 3050 772 3123 clamor3

51 3137 209 3196 hortantur
230 3135 316 3209 socii,
341 3136 454 3197 Cretam
478 3154 661 3215 proavosque
684 3143 827 3215 petamus.

48 3221 212 3298 linquimus
236 3220 373 3300 Ortygiae
395 3229 499 3300 portus
521 3221 685 3300 pelagoque
706 3220 837 3282 volamus

51 3305 280 3383 bacchatamque
305 3305 379 3384 iugis
401 3305 503 3365 Naxon
526 3305 707 3384 viridemque
729 3305 892 3385 Donysam,

50 3391 179 3452 Olearon
204 3390 376 3468 niveamque
399 3390 495 3450 Paron
513 3394 690 3470 'sparsasque
712 3410 767 3470 per
788 3406 899 3467 aequor

51 3475 188 3560 Cycladas
211 3486 240 3537 et
261 3473 373 3537 crebris
395 3474 519 3553 legimus
541 3477 616 3535 lreta
638 3476 754 3537 concita
776 3474 872 3537 terris.

137 3648 184 3700 108
203 3643 281 3697 adM
316 3646 345 3695 in
364 3647 411 3695 cel.
429 3641 495 3706 libri,
514 3641 587 3693 Ribb.
693 3646 738 3697 111
761 3642 871 3710 Cybelae
889 3639 975 3692 Heius,
1029 3631 1112 3705 Cybelo

48 3712 174 3784 ‘Fllll'yhrr
211 3714 300 3781 Cybeli
317 3712 360 3765 ac’
375 3711 445 3764 Serv.
460 3710 533 3764 Ribb.
618 3713 664 3763 123
684 3717 742 3777 post
760 3725 863 3771 cacare,
882 3723 933 3760 non
952 3712 1011 3774 post
1030 3705 1112 3758 unua

51 3782 109 3833 dist.
129 3782 200 3835 Brcs.
253 3781 408 3834 domurbhr
438 3776 714 3849 conuncupatur.
788 3778 864 3831 1258.
884 3773 1113 3828 Namnetu-

50 3864 111 3897 rum
124 3887 131 3900 .
144 3889 149 3901 .
162 3852 260 3901 Porum
275 3849 342 3919 urst
352 3849 425 3900 Ribb.
480 3850 527 3901 127
546 3849 649 3898 concita
663 3865 680 3909 χ
693 3844 756 3897 ubo.
830 3847 920 3909 128131)
935 3840 1113 3909 Wagu.,12819

46 3914 148 3967 Peerllt.
168 3924 194 3967 et
212 3916 294 3981 Ribb„
315 3920 362 3970 129
382 3917 420 3969 Kl.
442 3919 513 3979 1819,
535 3918 564 3969 lt)
583 3929 637 3981 pos.
656 3918 715 3980 post
735 3913 795 3971 123;
814 3912 846 3964 cl.
865 3911 910 3966 tu.
931 3914 1005 3976 1882,
1027 3912 1079 3966 138.
