2474 4388
125 225 187 283 226
500 223 528 278 P.
543 225 670 279 VERGlLl
687 225 834 280 hauctus

124 398 200 459 acris
222 417 285 459 esse
306 397 399 472 viros,
422 415 490 457 cum
512 397 585 459 dura
607 397 718 478 proelia
740 408 838 479 gente.

125 491 155 544 et
177 501 259 543 nunc
281 482 329 542 ille
352 483 471 561 quidem
494 502 546 562 spe
569 483 695 544 multum
717 492 820 564 captus
842 485 925 546 inani

125 569 187 628 fors
209 575 238 627 et
260 575 327 628 vota
349 567 417 627 lacit
439 568 630 646 cumulatque
652 568 752 629 altaria
776 568 878 643 donis,
939 571 941 575 ’

126 671 181 713 nos
204 653 340 713 iuvenem
362 652 530 713 exanimum
553 661 583 713 et
605 653 646 713 nil
669 654 724 714 iam
747 654 923 716 caelestibus
947 657 1015 718 ullis

125 737 283 798 debentem
304 756 379 798 vano
402 738 504 799 maesti
527 738 704 799 comitamur
726 740 850 801 honore.

125 822 242 896 infelix,
267 823 328 883 nati
349 824 440 884 funus
462 823 580 884 crudele
602 822 729 884 videbisl

125 908 154 968 bi
179 908 274 968 nostri
296 908 408 969 reditus
431 909 651 986 exspectatique
673 905 836 986 triumphi?

124 994 197 1054 haec
219 1011 283 1052 mea
305 1011 411 1070 magna
434 989 527 1054 fides‘l
549 1001 579 1053 at
601 1012 679 1066 non,
703 992 859 1066 Euandre,
881 994 1030 1072 pudendis

124 1078 294 1139 volneribus
317 1078 433 1157 pulsum
457 1077 579 1157 aspicies
602 1096 658 1138 nec
681 1078 790 1156 sospite
814 1078 910 1138 dirum

125 1162 240 1243 optabis
263 1171 332 1223 nato
356 1163 446 1224 funus
468 1170 562 1240 pater.
607 1163 634 1222 ei
657 1163 744 1235 mihi,
768 1172 913 1241 quantum

125 1247 318 1328 praesidium,
342 1247 487 1320 Ausonia,
512 1256 541 1308 et
563 1259 707 1327 quantum
729 1256 762 1308 tu
783 1248 897 1326 perdis,
920 1239 1014 1310 lulef'

210 1331 290 1392 Haec
312 1331 364 1392 ubi
387 1332 517 1405 deflevit,
540 1331 602 1393 tolli
625 1332 791 1393 miserabile
814 1351 925 1412 corpus

125 1417 250 1495 imperat
272 1426 301 1477 et
323 1425 386 1477 toto
407 1416 500 1477 lectos
522 1435 558 1476 ex
580 1418 697 1495 agmine
718 1417 808 1477 mittit

123 1501 202 1562 mille
224 1501 318 1574 viros,
343 1501 393 1579 qui
415 1519 586 1579 supremum
610 1502 789 1562 comitentur
810 1502 957 1563 bonorem

123 1586 323 1664 intersintque
344 1586 436 1665 patris
459 1587 601 1659 lacrimis,
625 1587 732 1648 solacia
754 1587 852 1648 luctus

125 1672 229 1751 exigua
251 1671 395 1751 ingentis,
419 1671 528 1732 misero
550 1672 602 1732 sed
625 1671 723 1732 debita
746 1672 832 1750 patri.

123 1757 201 1817 haud
223 1775 330 1836 segnes
350 1756 398 1816 alii
421 1756 508 1818 eratis
531 1765 560 1817 et
581 1757 670 1817 molle
691 1757 835 1817 feretrum

123 1842 254 1902 arbuteis
275 1850 380 1902 texunt
402 1842 490 1920 virgis
512 1849 541 1902 et
563 1841 671 1902 vimine
694 1860 810 1918 querno

124 1935 348 2004 exstructosque
370 1935 452 1988 toros
475 1926 599 1986 obtentu
622 1926 735 1987 frondis
758 1925 938 1986 inumbrant.

125 2013 173 2073 hic
195 2012 330 2072 iuvenem
354 2012 462 2090 agresti
484 2010 641 2072 sublimem
663 2011 804 2072 stramine
827 2020 960 2091 ponunt,

124 2097 241 2176 qualem
264 2096 394 2176 virgineo
418 2097 582 2157 demessum
607 2096 714 2176 pollice
736 2096 840 2156 florem

123 2201 176 2244 seu
198 2181 294 2243 mollis
317 2181 408 2242 violae
431 2200 484 2243 seu
506 2181 674 2261 languentis
696 2181 860 2260 hyacinthi,

124 2267 171 2328 cui
195 2284 293 2346 neque
315 2266 413 2343 fulgor
436 2266 530 2327 adbuc
555 2265 703 2327 necdum
726 2284 778 2327 sua
801 2267 896 2326 forma
918 2266 1059 2337 recessit,

124 2371 184 2412 non
208 2351 265 2411 iam
287 2359 381 2411 mater
403 2351 453 2411 alit
474 2351 560 2412 tellus
581 2351 711 2430 virisque
733 2351 889 2411 ministrat.

123 2445 185 2497 tum
208 2435 342 2514 geminas
365 2444 458 2497 vestes
480 2454 613 2513 auroque
635 2447 776 2514 ostroque
799 2435 923 2514 rigentis

123 2519 226 2581 extulit
249 2521 378 2594 Aeneas,
402 2538 475 2598 quas
497 2520 539 2580 illi
561 2521 635 2581 laeta
657 2520 790 2582 laborum

123 2606 184 2685 ipsa
208 2604 269 2665 suis
291 2604 440 2682 quondam
464 2605 601 2667 manibus
624 2606 743 2667 Sidonia
767 2605 841 2666 Dido

122 2692 232 2750 fecerat
255 2697 284 2749 et
306 2689 389 2750 tenui
410 2689 482 2751 telas
504 2690 682 2751 discreverat
704 2709 787 2751 auro.

121 2776 226 2835 barum
249 2793 339 2834 unam
362 2775 459 2835 iuveni
482 2793 653 2854 supremum
676 2784 805 2836 maestus
826 2775 972 2835 bonorem

122 2860 218 2921 induit
240 2878 415 2939 arsurasque
438 2878 536 2921 comas
558 2860 685 2921 obnubit
707 2861 830 2934 amictu,

121 2946 271 3023 multaque
293 2954 445 3023 praeterea
465 2944 623 3006 Laurentis
644 2945 774 3024 praemia
795 2961 914 3023 pugnae

122 3039 241 3110 aggerat
263 3038 292 3089 et
312 3029 402 3108 longo
425 3031 562 3108 praedam
585 3030 668 3090 iubet
689 3030 794 3090 ordine
815 3029 892 3090 duci.

121 3114 200 3175 addit
222 3132 315 3193 equos
337 3123 367 3174 et
388 3114 460 3186 tela,
483 3114 592 3192 quibus
614 3115 788 3194 spoliaverat
807 3113 939 3186 bostem;

121 3200 254 3259 vinxerat
276 3207 305 3259 et
327 3207 394 3278 post
416 3207 497 3277 terga
519 3217 638 3273 manus,
661 3219 737 3277 quos
759 3198 887 3259 mitteret
908 3197 1024 3260 umbris

121 3283 256 3357 inferias,
279 3302 365 3345 caeso
388 3301 545 3362 sparsurus
567 3285 712 3363 sanguine
734 3284 865 3344 flammas

119 3369 300 3447 indutosque
322 3368 404 3429 iubet
425 3376 548 3430 truncos
571 3370 725 3430 hostilibus
747 3369 836 3429 armis

119 3454 200 3534 ipsos
222 3455 301 3514 ferre
324 3454 413 3513 duces
435 3452 613 3532 inimicaque
636 3455 755 3514 nomina
778 3453 837 3532 figi.

206 3538 331 3600 Ducitur
352 3537 454 3598 infelix
477 3558 547 3599 aevo
571 3540 724 3600 confectus
748 3540 873 3598 Acoetes
1172 3547 1200 3598 st

121 3632 241 3703 pectora
265 3642 346 3683 nunc
368 3625 490 3685 foedans
512 3624 636 3703 pugnis,
660 3643 740 3685 nunc
768 3622 918 3701 unguibus
941 3640 1010 3695 ora,

206 3826 239 3876 54
257 3823 468 3892 coaptatiquell
563 3826 595 3877 80
621 3823 704 3876 damn.
723 3822 798 3875 Ribb.
897 3825 929 3875 82
953 3837 1099 3888 sparsuros
1117 3822 1200 3875 a²bcrv

117 3893 255 3953 stammam
272 3890 311 3960 Ry
396 3894 429 3945 86
447 3896 507 3959 post
525 3893 556 3945 87
577 3908 632 3960 pos.
651 3891 738 3945 Gathl.
759 3893 832 3956 tarr,
852 3893 892 3944 23.
