2474 4388
444 238 606 292 tenuibus
624 239 682 293 ΗΒ.
696 239 748 294 Vll.

56 431 201 488 munera,
224 411 364 491 reliquias
386 411 473 472 Troia
496 431 532 472 ex
555 412 679 474 ardente
701 419 852 492 receptas:

55 500 116 560 hoc
137 505 224 580 pater
245 496 388 559 Anchises
409 514 483 558 auro
504 496 615 558 libabat
636 496 671 557 ad
694 513 776 571 aras,

56 584 116 645 hoc
137 582 246 644 Priami
267 590 418 662 gestamen
443 590 521 658 erat,
544 601 611 643 cum
633 582 697 643 iura
720 582 830 643 vocatis

57 686 142 730 more
165 667 248 729 daret
268 667 403 748 populis,
426 675 636 747 sceptrumque
658 684 801 746 sacerque
823 666 912 729 tiaras

57 752 240 833 Iliadumque
260 752 346 813 labor
363 743 477 814 vestes.³

144 837 264 899 Talibus
285 837 389 898 llionei
412 837 497 898 dictis
519 837 611 898 defixa
633 835 756 897 Latinus

59 922 165 985 obtutu
187 931 271 984 tenet
292 940 342 984 ora
365 921 488 1002 soloque
510 920 669 983 immobilis
690 920 792 982 haeret

59 1009 192 1070 intentos
212 1008 333 1069 volvens
355 1006 467 1068 oculos.
512 1025 568 1067 nec
589 1023 721 1086 purpura
745 1023 846 1084 regem

58 1094 136 1174 picta
160 1101 259 1155 movet
280 1110 337 1154 nec
359 1101 473 1172 sceptra
496 1100 615 1153 movent
637 1089 780 1152 Priameia
802 1099 932 1165 tantum,
958 1150 961 1156 .

60 1185 205 1257 quantum
227 1177 258 1238 in
279 1176 412 1239 conubio
436 1186 520 1238 natae
542 1175 729 1254 thalamoque
751 1184 885 1236 moratur

60 1272 90 1323 et
109 1263 219 1325 veteris
241 1262 335 1323 Fauni
356 1262 446 1323 volvit
467 1260 523 1324 sub
545 1270 667 1341 pectore
689 1268 815 1321 sortem:

59 1348 141 1410 bunc
163 1347 244 1410 illum
266 1347 334 1409 latis
355 1355 476 1408 externa
498 1345 534 1407 ab
557 1345 627 1408 sede
649 1345 816 1426 proiectum

59 1433 198 1514 portendi
220 1450 363 1512 generum
385 1432 567 1512 paribusque
589 1431 619 1492 in
642 1448 735 1510 regna
757 1430 856 1491 vocari

61 1517 216 1600 auspiciis,
238 1517 307 1579 huic
328 1519 504 1598 progeniem
526 1516 635 1576 virtute
656 1516 784 1576 loturam

61 1602 207 1682 egregiam
231 1610 261 1664 et
281 1611 376 1664 totum
400 1620 475 1681 quae
496 1599 609 1663 viribus
631 1609 758 1681 occupet
780 1601 893 1663 orbem.

61 1688 180 1750 tandem
203 1687 296 1749 laetus
318 1687 372 1749 ait:
391 1679 434 1748 ‘di
458 1695 558 1749 nostra
580 1686 699 1766 incepta
722 1686 887 1747 secundent

61 1772 277 1853 auguriumque
299 1773 402 1834 sunml
425 1770 559 1845 dabitur,
582 1770 726 1845 Troiane,
751 1771 830 1849 quod
853 1779 951 1852 optas;

61 1875 184 1919 munera
207 1876 264 1919 nec
285 1875 405 1937 sperno.
449 1875 510 1917 non
532 1855 616 1917 vobis
637 1873 707 1936 rege
728 1855 834 1918 Latino

61 1943 157 2004 divitis
178 1941 255 2004 uber
275 1942 338 2021 agri
360 1942 500 2003 Troiaeve
523 1941 673 2022 opulentia
695 1941 781 2001 derit.

61 2028 124 2108 ipse
146 2027 235 2089 modo
257 2029 387 2104 deneas,
410 2026 504 2106 nostri
526 2027 551 2108 si
571 2034 652 2087 tanta
675 2025 783 2105 cupido
806 2033 865 2098 est,

62 2113 85 2174 si
107 2112 191 2192 iungi
213 2111 341 2192 hospitio
362 2119 505 2192 properat
525 2110 683 2191 sociusque
704 2110 816 2185 vocari,

61 2197 197 2259 adveniat
217 2197 313 2259 voltus
335 2215 409 2258 nere
431 2197 619 2258 exhorrescat
641 2195 766 2269 amicos;

62 2300 131 2363 pars
151 2282 224 2344 mihi
246 2282 328 2361 pacis
350 2281 407 2343 erit
426 2282 559 2344 dextram
580 2281 711 2361 tetigisse
731 2281 861 2362 tyranni.

61 2386 114 2428 vos
134 2375 239 2429 contra
261 2367 324 2448 regi
346 2384 410 2428 mea
432 2385 515 2429 nunc
536 2367 673 2428 mandata
695 2366 813 2427 referte.

62 2460 107 2514 est
128 2451 200 2512 mibi
222 2461 306 2528 nata,
329 2451 392 2513 viro
414 2452 512 2532 gentis
534 2468 621 2532 quam
644 2452 768 2532 iungere
790 2460 911 2514 nostrae

63 2555 124 2598 non
147 2536 244 2617 patrio
267 2555 302 2598 ex
324 2535 412 2618 adyto
433 2544 545 2611 sortes,
568 2555 630 2599 non
652 2536 779 2617 plurima
803 2536 884 2598 caelo

62 2630 198 2684 monstra
219 2622 338 2698 sinunt;
360 2639 488 2703 generos
509 2621 640 2683 externis
661 2622 762 2684 adfore
783 2621 821 2682 ab
843 2622 918 2697 oris,

62 2707 121 2768 hoc
143 2706 229 2769 Latio
251 2714 362 2768 restare
384 2715 512 2781 canunt,
535 2706 587 2785 qui
608 2707 755 2786 sanguine
777 2715 914 2769 nostrum

63 2809 175 2853 nomen
197 2791 228 2853 in
252 2800 328 2854 astra
351 2792 458 2854 lerant.
502 2792 585 2853 hunc
605 2791 688 2853 illum
711 2809 835 2871 poscere
857 2792 915 2854 iata

62 2885 93 2938 et
115 2893 185 2938 reor
206 2885 250 2951 et,
273 2876 297 2938 si
320 2875 390 2956 qnid
411 2876 472 2938 veri
494 2894 580 2939 mons
601 2885 741 2956 augurat,
764 2869 855 2955 opto?

61 2962 136 3023 haec
158 2961 263 3024 allatus
284 2979 378 3041 equos
399 2980 525 3023 numero
546 2970 630 3042 pater
652 2960 733 3039 eligit
753 2961 851 3037 omni;

61 3044 183 3107 stabant
203 3055 250 3108 ter
270 3053 392 3108 centum
415 3045 500 3108 nitidi
522 3048 553 3108 in
575 3045 769 3126 praesepibus
789 3046 865 3108 altis.

63 3131 204 3193 omnibns
224 3131 372 3212 extemplo
394 3131 517 3194 Teucris
537 3131 620 3193 iubet
640 3131 745 3192 ordino
767 3131 835 3193 duci

63 3216 205 3278 instratos
227 3224 308 3278 ostro
331 3215 460 3296 alipedes
481 3215 627 3296 pictisque
650 3216 756 3297 tapetis

63 3303 165 3379 (aurea
187 3299 360 3382 pectoribus
382 3300 508 3363 demissa
528 3301 649 3363 monilia
670 3302 819 3383 pendent,

63 3385 135 3447 tecti
157 3403 230 3447 auro
253 3385 364 3448 fulvum
386 3386 532 3448 mandunt
552 3386 609 3449 sub
632 3386 771 3448 dentibus
793 3389 926 3465 aurum),

62 3469 180 3532 absenti
202 3473 318 3532 Aeneae
340 3488 461 3533 currum
483 3471 677 3552 geminosque
699 3471 803 3550 iugalis

62 3556 179 3617 semine
200 3556 236 3617 ab
259 3555 408 3630 aetherio,
430 3556 571 3636 spirantis
592 3556 715 3618 naribus
736 3557 851 3636 ignom,

61 3641 182 3703 illorum
204 3640 367 3723 degente,
389 3641 465 3721 patri
488 3659 564 3721 quos
586 3641 704 3702 daedala
727 3640 811 3702 Circe

61 3725 216 3806 supposita
239 3727 275 3788 dc
297 3734 391 3788 matre
413 3727 521 3789 nothos
543 3727 637 3790 iurata
660 3725 777 3787 crearit.

150 3908 200 3961 262
221 3906 369 3976 Troiaeque
387 3908 489 3982 law
576 3912 627 3963 264
643 3912 763 3963 semmua
780 3907 929 3962 FRVa²bcrt
