2286 4394
308 227 483 290 ,auhumos
500 227 561 282 LlB.
577 228 605 282 ll.

37 419 80 463 us
103 417 211 462 muros
233 407 263 459 et
284 399 401 460 moenia
424 400 582 480 pandimus
603 399 697 462 urbis.

37 494 87 547 unt
110 503 219 546 omnes
241 483 324 564 operi
344 484 529 564 pedibusque
551 493 683 546 rotarum

40 580 78 632 nt
100 571 204 651 lapsus
226 578 256 630 et
277 577 401 649 stuppea
423 570 539 631 vincula
563 570 638 632 collo

37 664 105 718 rut:
128 654 244 717 scandit
265 655 361 716 fatalis
382 656 519 716 machina
540 674 642 716 muros

37 742 109 802 mis.
154 741 239 820 pueri
262 740 375 800 circum
397 741 599 820 innuptaeque
621 741 736 821 puellae

37 833 151 888 canunt
172 826 335 903 funemque
357 843 446 886 manu
470 826 643 905 contingere
665 827 809 905 gaudent:

37 912 81 972 bit
103 911 276 988 mediaeque
297 910 415 972 minans
436 910 576 971 inlabitur
598 910 674 971 urbi.

37 998 83 1070 ia,
107 1016 125 1056 o
147 996 243 1056 divom
266 995 370 1056 domus
392 995 477 1056 llium
501 1004 531 1056 et
551 996 663 1056 incluta
685 995 763 1057 bello

37 1080 290 1142 aDardaniduml
313 1088 416 1158 quater
438 1080 502 1160 ipso
526 1081 556 1141 in
580 1081 681 1142 limine
704 1089 806 1161 portae

37 1168 62 1227 it
85 1175 173 1244 atque
196 1175 281 1226 utero
304 1166 436 1226 sonitum
459 1174 563 1244 quater
585 1184 664 1226 arma
687 1167 810 1228 dedere:

39 1271 77 1313 us
98 1260 197 1312 mmen
220 1251 407 1312 immemores
429 1251 567 1329 caecique
589 1252 691 1313 lurore

37 1345 153 1398 nstrum
176 1335 278 1396 infelix
299 1344 410 1397 sacrata
432 1336 562 1397 sistimus
583 1354 660 1397 arce.

37 1423 118 1482 etiam
140 1421 206 1482 fatis
228 1421 323 1500 aperit
344 1421 505 1482 Cassandra
527 1421 634 1483 futuris

36 1508 55 1567 ei
77 1507 159 1568 iussu
182 1525 244 1567 non
266 1524 405 1584 umquam
429 1507 538 1567 credita
560 1506 698 1568 Teucris:

37 1591 135 1653 elubra
158 1591 245 1651 deum
267 1590 385 1663 miseri,
409 1591 517 1669 quibus
539 1591 659 1654 ultimus
680 1602 757 1654 esset

37 1696 83 1750 es,
106 1678 178 1738 iesta
201 1676 330 1738 velamus
352 1676 459 1737 fronde
480 1695 534 1756 per
556 1676 669 1738 urbem.

37 1762 153 1823 'ertitur
172 1762 287 1822 interea
309 1762 421 1822 caelum
445 1770 475 1822 et
496 1762 557 1822 ruit
578 1761 698 1824 Oceano
720 1782 780 1824 nox

37 1866 88 1908 eus
109 1847 214 1907 umbra
235 1865 340 1926 magna
363 1855 532 1925 terramque
554 1847 715 1927 polumque

37 1932 215 2010 idonumque
238 1931 337 2008 dolos3
360 1932 417 1993 fusi
440 1951 494 2010 per
515 1932 633 1993 moenia
656 1933 763 1995 Teucri

37 2034 125 2091 uere;
147 2035 237 2096 sopor
259 2018 351 2078 fessos
373 2017 580 2096 complectitur
602 2027 691 2079 artus.

37 2122 44 2162 ι
66 2102 171 2181 Argiva
195 2103 320 2181 phalanx
343 2103 497 2163 instructis
519 2102 642 2164 navibus
664 2102 724 2164 ibat

40 2188 97 2248 edo
119 2187 222 2247 tacitae
245 2205 299 2267 per
321 2188 413 2248 amica
434 2187 549 2249 silentia
572 2187 660 2248 lunae

45 2281 116 2333 nota
138 2282 260 2351 petens,
282 2273 413 2334 flammas
435 2291 502 2333 cum
526 2273 605 2351 regia
627 2274 736 2354 puppis

36 2367 98 2430 rat,
120 2357 245 2436 latisque
267 2357 355 2419 deum
378 2358 518 2419 defensus
539 2358 649 2437 iniquis

37 2462 70 2504 os
92 2451 177 2503 utero
199 2443 315 2504 Danaos
338 2452 367 2505 et
388 2443 475 2522 pinea
497 2443 598 2504 furtim

37 2529 162 2589 claustra
185 2527 289 2589 Sinon.
334 2528 400 2589 illos
421 2530 585 2608 patefactus
607 2529 641 2589 ad
665 2547 751 2590 auras

55 2631 166 2691 equus,
188 2612 316 2691 laetique
338 2632 408 2674 caro
431 2633 463 2674 se
485 2613 594 2674 robore
616 2622 759 2693 promunt

37 2699 143 2759 andrus
165 2696 383 2777 Sthenelusque
406 2699 497 2760 duces
519 2707 549 2759 et
570 2699 652 2760 dirus
675 2699 774 2760 Ulixes

37 2801 98 2845 sum
121 2782 195 2862 lapsi
217 2784 411 2863 perronem,
434 2785 616 2862 Acamasque
638 2784 794 2863 Thoasque

38 2886 113 2946 sque
136 2868 364 2947 Neoptolemus,
386 2869 559 2949 primusque
581 2869 723 2930 Machaon

39 2953 142 3014 nelaus
164 2954 278 3032 etipse
302 2954 360 3015 doli
383 2953 542 3015 fabricator
564 2954 671 3033 Epeos.

36 3046 83 3099 mt
104 3036 209 3098 urbem
232 3057 338 3100 somno
362 3039 488 3118 vinoque
510 3040 671 3119 sepultam,

36 3132 106 3184 ntur
127 3123 244 3201 vigiles,
267 3125 422 3203 portisque
444 3124 615 3205 patentibus
638 3125 734 3186 omnis

35 3217 92 3269 unt
112 3208 211 3270 socios
232 3218 321 3288 atque
345 3211 460 3287 agmina
483 3210 601 3272 conscia
623 3209 760 3288 iungunt.

37 3294 156 3373 lempus
178 3302 254 3368 erat,
277 3313 336 3373 quo
359 3296 453 3374 prima
477 3296 559 3374 quies
580 3294 755 3356 mortalibus
777 3295 872 3375 aegris

37 3391 44 3438 t
66 3388 96 3439 et
118 3379 198 3439 dono
220 3380 317 3441 divom
339 3381 504 3459 gratissima
527 3380 635 3460 serpit:

37 3464 123 3538 nnis,
147 3483 232 3537 ecce,
255 3473 323 3525 ante
346 3466 448 3528 oculos
470 3465 679 3527 maestissimus
702 3464 814 3527 llector
972 3473 1015 3525 mo

40 3549 144 3610 adesse
165 3549 237 3610 mihi
259 3550 416 3629 largosque
438 3551 590 3613 ellundere
612 3551 699 3611 fletus

37 3702 75 3752 235
99 3715 190 3750 omncs
210 3716 238 3750 ee
261 3715 303 3766 op.
321 3698 409 3768 Mdhly
427 3699 493 3753 ZdG.
514 3703 587 3766 1881,
604 3703 664 3756 419.
763 3702 813 3753 256
829 3700 971 3761 flammam
988 3731 1015 3750 ..

54 3767 95 3820 Fr.
113 3767 210 3833 Scbdll‚
227 3769 291 3820 Aeta
313 3767 381 3834 lips.
400 3771 478 3835 1816,
497 3770 555 3821 354.
625 3771 694 3831 cum]
717 3771 772 3819 iam
791 3765 898 3834 Speijer.

37 3841 46 3901 ]
66 3837 152 3888 turris
169 3834 246 3888 Bam.
260 3839 334 3901 1885,
346 3839 403 3890 392.
490 3839 539 3890 258
550 3853 571 3889 s.
588 3841 614 3887 el
630 3840 711 3902 pinca
725 3874 731 3889 .
745 3876 752 3889 .
765 3835 826 3886 illos
843 3833 927 3885 damu.
939 3830 1015 3887 Bane

37 3906 98 3960 392.
186 3906 235 3958 260
251 3905 372 3970 produnt
388 3923 410 3958 π
496 3907 544 3958 263
567 3906 654 3972 posuit
670 3910 730 3971 post
749 3901 857 3958 164111.
876 3901 955 3970 1813,
973 3905 1016 3959 23.
