2286 4394
469 215 630 269 nubemus
647 217 706 270 LlB.
724 217 741 271 l.

105 383 192 446 turbine
213 387 355 466 corripuit
377 387 560 467 scopuloque
583 388 677 449 infixit
698 398 799 451 acuto:

102 478 131 528 ast
146 489 206 550 ego,
228 490 303 552 quae
325 472 421 533 divom
444 472 549 534 incedo
572 473 689 552 regina,
713 473 847 555 lorisque

22 593 30 639 q
100 561 119 612 et
133 575 204 617 soror
225 566 255 618 et
277 558 423 631 coniunx,
447 577 505 619 una
527 575 595 618 cum
618 568 706 638 gente
728 569 772 621 tot
793 579 888 624 annos

97 635 147 700 bella
167 661 244 722 gero.
289 651 319 704 et
340 643 496 722 quisquam
518 661 628 704 numen
650 643 774 707 lunonis
797 646 911 724 adorat,

93 736 216 801 praeterea
238 736 289 789 aut
310 728 433 809 supplex
454 729 513 789 aris
534 729 668 807 imponet
688 727 869 792 honorem‘l'

155 812 232 873 Talia
256 813 402 874 flammato
425 831 526 875 secum
548 812 601 873 dea
623 814 712 875 corde
733 815 869 879 volutans

90 894 235 959 nimborum
258 899 288 959 in
311 898 451 977 patriam,
474 898 538 960 loca
559 899 617 958 leta
640 899 808 962 furentibus
829 904 950 979 austris,

10 1012 15 1056 t
85 982 193 1043 dcoliam
217 984 307 1043 venit.
349 982 398 1045 hic
419 993 500 1045 vasto
522 1001 573 1045 rex
595 984 704 1045 neotus
726 995 811 1046 antro

82 1064 203 1130 luctantis
224 1079 329 1129 ventos
351 1076 597 1148 tempestatesque
619 1088 743 1130 sonoras

78 1149 188 1232 imperio
211 1153 319 1233 premit
341 1171 373 1214 ac
395 1153 499 1215 vinclis
521 1162 551 1214 et
572 1172 690 1224 carcere
712 1155 819 1215 frenat.

74 1236 108 1297 illi
128 1239 316 1318 indignantes
338 1256 445 1317 magno
469 1257 535 1300 cum
560 1256 711 1300 murmure
734 1240 844 1302 montis

72 1322 175 1385 circum
198 1325 325 1385 claustra
348 1325 497 1399 fremunt3
520 1323 598 1386 celsa
619 1324 701 1384 sedet
723 1325 830 1387 Aeolus
853 1345 920 1388 arce

10 1406 13 1445 ⁵
68 1417 179 1488 sceptra
201 1419 308 1470 tenens
330 1408 481 1487 mollitque
504 1409 618 1470 animos
640 1417 670 1469 et
691 1418 836 1490 temperat
858 1412 930 1487 iras;

67 1494 94 1553 ni
116 1494 217 1568 faciat,
240 1494 332 1554 maria
354 1512 387 1555 ac
409 1502 503 1555 terras
525 1494 696 1573 caelumque
717 1497 898 1574 profundum

65 1578 174 1659 quippe
196 1580 295 1641 lerant
315 1578 409 1659 rapidi
430 1598 531 1642 secum
554 1587 730 1658 verrantque
753 1600 806 1660 per
828 1600 923 1644 auras.

62 1666 111 1725 sed
136 1673 221 1743 pater
244 1664 433 1743 omnipotens
454 1664 604 1744 speluncis
625 1664 736 1725 abdidit
757 1667 827 1728 atris

61 1750 118 1810 boc
140 1760 277 1810 metuens
298 1749 466 1828 molemque
489 1758 518 1810 et
540 1750 648 1811 montis
671 1750 793 1829 insuper
815 1751 889 1813 altos

60 1834 203 1915 imposuit
224 1853 384 1913 regemque
406 1835 499 1909 dedit,
523 1834 574 1913 qui
596 1835 714 1896 loedere
737 1845 818 1897 certo

60 1928 88 1980 et
110 1938 248 1999 premere
270 1928 300 1980 et
321 1919 400 1981 laxas
422 1920 511 1981 sciret
533 1919 602 1981 dare
625 1921 722 1981 iussus
743 1921 882 1983 habenas.

60 2004 94 2065 ad
118 2023 208 2083 quem
230 2013 293 2066 tum
315 2004 390 2065 luno
411 2005 536 2084 supplex
558 2005 602 2067 bis
623 2005 746 2065 vocibus
768 2025 819 2066 usa
841 2014 900 2067 est:

144 2083 262 2165 ‘deole,
285 2108 413 2169 namque
434 2090 487 2151 tibi
509 2089 603 2150 divom
627 2096 820 2168 poteratque
843 2091 995 2151 bominum
1018 2111 1070 2153 rex
1102 2105 1131 2154 65

58 2185 87 2234 et
111 2175 243 2235 mulcere
266 2174 345 2235 dedit
366 2175 472 2237 fluctus
495 2182 524 2234 et
545 2174 648 2236 tollere
669 2182 775 2249 vento,

57 2277 135 2338 gens
156 2259 275 2320 inimica
298 2260 368 2320 mibi
390 2260 575 2340 Tyrrhenum
598 2259 714 2340 navigat
736 2277 847 2338 aequor

56 2344 145 2405 llium
168 2345 199 2405 in
221 2345 332 2406 ltaliam
355 2353 478 2423 portans
498 2345 649 2424 victosque
672 2345 801 2424 penatis:

57 2430 160 2490 incute
182 2429 240 2489 rim
262 2431 357 2491 ventis
378 2430 604 2508 submersasque
627 2429 720 2490 obruo
743 2431 869 2510 puppis,

57 2525 109 2575 aut
132 2533 186 2594 age
209 2515 338 2576 diuersos
360 2523 390 2575 et
411 2515 501 2576 disice
524 2533 649 2593 corpora
672 2524 774 2594 ponto.
1102 2527 1131 2578 tu

57 2610 130 2661 sunt
151 2599 222 2661 mihi
245 2600 290 2662 bis
313 2608 425 2680 septem
447 2600 608 2680 praestanti
633 2618 758 2679 corpore
782 2601 937 2680 nymphae,

58 2703 186 2764 quarum
209 2703 284 2764 quae
305 2685 399 2746 lorma
421 2684 620 2764 pulcherrima
642 2686 784 2764 Deiopea,

58 2769 190 2830 conubio
214 2771 333 2849 iungam
357 2768 452 2832 stabili
473 2770 683 2849 propriamque
705 2769 825 2843 dicabo,

58 2855 156 2915 omnis
178 2864 212 2915 ut
233 2863 330 2917 tecum
352 2854 464 2916 meritis
486 2873 541 2933 pro
563 2854 669 2916 talibus
691 2872 786 2915 annos

59 2941 156 3019 exigat
178 2949 208 3001 ot
230 2940 351 3019 pulchra
374 2940 459 3001 iaciat
480 2948 508 3000 te
530 2939 615 3018 prole
637 2935 815 3018 parentem)
1100 2950 1129 2999 75

145 3025 254 3086 Aeolus
275 3024 347 3086 haec
370 3033 488 3086 contra:
508 3019 606 3098 ‘tuus‚
629 3044 646 3084 o
669 3024 784 3104 regina,
808 3024 878 3103 quid
902 3034 1001 3104 optes,

58 3109 213 3189 explorare
236 3108 335 3183 labor;
358 3110 428 3171 mibi
451 3111 527 3171 iussa
551 3128 704 3189 capessere
727 3110 770 3170 las
794 3118 846 3169 est.

57 3202 89 3256 tu
112 3194 185 3255 mihi
208 3195 416 3274 quodcumque
438 3197 495 3255 hoc
518 3196 617 3275 regni,
640 3203 672 3255 tu
695 3204 810 3273 sceptra
833 3193 990 3272 lovemque

57 3280 213 3353 concilias,
238 3291 269 3340 tu
291 3281 341 3341 das
363 3280 458 3360 epulis
479 3280 654 3341 accumbere
676 3279 772 3340 divom

56 3363 288 3443 nimborumque
310 3365 382 3427 lacis
403 3374 669 3444 tempestatumque
691 3359 862 3448 potentem?
1099 3374 1129 3423 80

141 3450 222 3510 Haec
244 3450 295 3510 ubi
317 3450 409 3524 dicta,
432 3469 534 3511 carum
557 3469 698 3512 conversa
722 3449 841 3528 cuspide
865 3457 996 3509 montem

139 3620 172 3669 ll
197 3615 265 3684 una]
288 3619 360 3669 uicta
385 3616 484 3669 Peerlk.
589 3619 621 3669 48
640 3617 734 3667 adoret
751 3614 831 3666 b²c²rr
850 3614 922 3667 Serv.
940 3612 982 3663 llll
1002 3614 1031 3664 tt
1052 3615 1077 3662 et
1096 3611 1125 3664 G.

51 3684 85 3737 lV
105 3689 165 3738 501.
192 3686 312 3749 adorans
329 3685 485 3738 G.Hdberlin
504 3684 573 3736 Pub.
587 3686 661 3748 rust,
674 3687 731 3736 600.
801 3686 833 3736 49
852 3683 930 3746 vulgo
949 3694 1046 3731 commu
1064 3695 1125 3746 pon.

52 3760 114 3821 post
132 3760 284 3820 praetereo.
338 3757 444 3820 inponit
459 3753 534 3824 y¹b¹c
563 3757 684 3818 imponat
701 3769 723 3805 rr
783 3754 814 3804 69
833 3753 905 3800 veruti
921 3748 950 3800 H.
963 3746 1068 3814 Usener,
1085 3748 1125 3803 JJ.

53 3825 130 3886 1865,
148 3823 197 3875 227
218 3827 245 3873 et
262 3822 292 3874 A.
304 3836 329 3874 v.
342 3821 467 3888 Bamberg
485 3821 520 3873 ib.
535 3824 609 3884 butt,
622 3823 662 3874 48.
733 3823 764 3871 tu
783 3821 928 3879 diversarer
974 3813 1010 3882 et]
1028 3822 1076 3868 aut
1087 3817 1125 3870 ΜΙ

52 3893 151 3944 dissice
169 3890 237 3956 libri,
255 3887 330 3942 Ribb.
417 3893 447 3941 ll
467 3890 614 3956 amploctere
632 3889 706 3940 Banr.
727 3889 801 3949 1884,
819 3888 876 3939 395.

944 3970 974 4022 l*
