2286 4394
87 192 125 251 10
443 193 470 247 P.
484 191 609 246 vuuulu
627 191 772 245 MARONIS

84 364 240 427 arboribus
262 366 388 426 clausam
411 364 524 426 circum
546 374 633 445 atque
656 365 847 428 horrentibus
868 368 983 430 umbris

84 451 207 512 occulit:
230 451 292 529 ipse
316 469 376 511 uno
399 449 530 529 graditur
552 451 707 512 comitatus
728 451 838 512 Achate

82 536 152 596 bina
174 553 264 597 manu
286 536 345 596 lato
368 535 501 614 crispans
523 535 637 597 hastilia
658 537 748 597 ferro.

83 621 131 683 cui
153 629 246 681 mater
268 620 361 681 media
384 639 448 682 sese
471 621 537 682 tulit
559 619 642 681 obvia
664 621 735 682 silva

83 706 204 784 virginis
227 725 260 767 os
281 704 474 785 habitumque
497 724 604 787 gerens
627 715 656 766 et
677 706 798 785 virginis
820 724 915 780 arma,

84 792 262 871 Spartanae,
285 791 330 852 vel
352 791 446 870 qualis
468 810 561 871 equos
582 791 720 852 Threissa
740 791 842 870 fatigat

84 876 248 957 Harpalyce
270 876 479 956 volucremque
500 878 570 955 fuga
592 876 787 954 praevertitur
808 876 950 938 Hebrum.

83 980 211 1041 namque
233 963 343 1023 umeris
365 962 401 1022 de
423 980 506 1023 more
528 961 654 1023 habilem
676 963 871 1040 suspenderat
892 980 994 1024 arcum

81 1047 214 1110 venatrix
236 1047 414 1126 dederatque
437 1065 549 1108 comam
573 1046 738 1107 diffundere
759 1046 868 1121 ventis,

84 1134 164 1195 nuda
185 1150 264 1211 genu
288 1132 425 1210 nodoque
447 1132 530 1193 sinus
552 1131 675 1193 collecta
697 1131 824 1193 fluentis.

83 1237 116 1279 ac
139 1217 221 1297 prior
240 1207 341 1277 ‘heus'
368 1217 465 1295 inquit
483 1210 632 1288 ‘iuvenes
655 1224 833 1288 monstrate,
855 1235 988 1278 mearum

82 1304 192 1364 vidistis
214 1301 239 1362 si
261 1320 348 1380 quam
371 1302 419 1362 bic
441 1311 587 1363 errantem
610 1303 686 1362 sorte
709 1320 861 1376 sororum,

82 1388 263 1449 succinctam
285 1386 423 1466 pharetra
445 1395 474 1448 et
497 1388 661 1449 maculosae
682 1387 813 1467 tegmine
835 1387 944 1468 lyncis,

82 1481 133 1533 aut
154 1472 318 1551 spumantis
340 1472 404 1551 apri
427 1490 547 1533 cursum
569 1472 697 1534 clamore
719 1462 920 1552 prementem.³

168 1557 216 1618 Sic
239 1556 356 1631 Venus3
379 1567 409 1618 et
430 1557 553 1619 Veneris
575 1565 679 1619 contra
701 1558 743 1619 sic
766 1558 842 1620 tilius
865 1576 964 1621 orsus:

80 1635 174 1704 ‘nulla
196 1650 313 1702 tuarum
336 1642 433 1704 audita
455 1642 525 1703 mibi
549 1661 646 1721 neque
667 1643 727 1704 visa
750 1660 902 1718 sororum,

83 1748 165 1788 o-
189 1745 275 1807 quam
298 1737 326 1789 te
350 1745 526 1802 memorem,
550 1725 654 1806 virgo?
677 1746 806 1807 namque
828 1728 905 1789 baud
928 1727 981 1789 tibi
1003 1728 1101 1792 voltus

83 1813 231 1885 mortalis,
254 1832 309 1874 nec
333 1831 387 1873 vox
408 1813 562 1874 bominem
583 1821 684 1889 sonat3
707 1832 741 1887 o,
764 1813 818 1874 dea
840 1822 935 1876 certe:

83 1917 120 1959 an
143 1896 254 1959 Phoebi
276 1896 384 1960 soror?
407 1917 444 1959 an
467 1900 664 1979 nympharum
685 1899 838 1978 sanguinis
859 1896 942 1960 una?

82 1984 122 2046 sis
143 1983 211 2044 felix
234 1993 430 2063 nostrumque
453 1984 546 2058 leves,
570 2002 788 2064 quaecumque,
811 1984 940 2045 laborem

83 2078 128 2144 et,
152 2088 211 2149 quo
234 2070 290 2130 sub
314 2070 394 2131 caelo
417 2070 552 2145 tandem,
577 2070 684 2149 quibus
707 2069 788 2131 orbis
809 2068 840 2130 in
863 2069 924 2131 oris

83 2155 241 2229 iactemur,
264 2157 385 2231 doceas;
408 2156 503 2234 ignari
526 2156 739 2234 bominumque
761 2155 955 2233 locorumque

83 2259 215 2301 erramus
239 2250 325 2301 vento
348 2241 407 2301 huc
428 2242 516 2302 vastis
538 2251 568 2301 et
589 2241 727 2302 fluctibus
749 2241 822 2301 acti:
869 2295 871 2300 .

82 2325 173 2385 multa
198 2324 249 2383 tibi
272 2335 340 2385 ante
364 2343 428 2385 aras
450 2334 552 2386 nostra
574 2325 658 2384 cadet
680 2325 773 2385 hostia
796 2313 913 2386 derna?

167 2407 242 2467 Tum
266 2408 380 2469 Venus:
400 2403 491 2470 ‘haud
515 2407 650 2487 equidem
673 2409 722 2469 tali
746 2427 791 2470 me
814 2411 922 2491 dignor
943 2410 1078 2471 bonore:

83 2490 245 2571 virginibus
266 2492 360 2573 Tyriis
383 2511 447 2554 mos
470 2502 514 2555 est
535 2500 650 2571 gestare
673 2494 838 2573 pharetram

82 2595 294 2657 purpureoque
317 2578 373 2639 alte
395 2596 478 2640 suras
499 2578 611 2639 vincire
633 2580 790 2641 cothurno.

82 2662 193 2723 Punica
216 2680 307 2741 regna
330 2663 426 2736 vides,
448 2664 552 2743 Tyrios
575 2673 605 2725 et
626 2666 771 2745 Agenoris
794 2665 915 2737 urbem;
955 2722 959 2732 ,

82 2747 132 2808 sed
155 2749 230 2809 fines
253 2748 369 2827 Libyci,
393 2767 488 2829 genus
510 2750 695 2812 intractabile
718 2750 795 2812 bello

81 2831 239 2911 imperium
263 2834 334 2895 uiuo
358 2833 446 2913 Tyria
467 2835 543 2912 regit
564 2836 639 2896 urbe
664 2837 811 2916 prolecta,

81 2936 256 2997 germanum
278 2920 403 2998 fugiens.
448 2918 535 3000 longa
558 2929 603 2982 est
624 2922 745 2995 iniuria,
768 2921 874 3000 longae

82 3001 236 3082 ambages;
258 3005 309 3065 sed
331 3023 444 3066 summa
468 3024 576 3084 sequar
596 3007 708 3087 fastigia
730 3023 839 3066 rerum.

81 3088 152 3149 huic
174 3090 304 3150 coniunx
328 3089 476 3170 Sychaeus
499 3100 575 3161 erat,
600 3092 759 3153 ditissimus
781 3091 843 3171 agri

82 3173 281 3248 Phoenicum,
305 3185 334 3235 et
356 3193 463 3255 magno
486 3176 608 3237 miserae
632 3176 756 3237 dilectus
778 3194 893 3249 amore,

82 3259 129 3320 cui
152 3268 236 3338 pater
258 3260 397 3320 intactam
420 3260 541 3322 dederat
563 3262 724 3341 primisque
746 3262 859 3340 iugarat

82 3344 239 3405 ominibus.
283 3346 333 3406 sed
356 3364 448 3426 regna
471 3346 540 3426 Tyri
562 3365 722 3426 germanus
745 3345 872 3407 habebat

81 3428 268 3510 Pygmalion,
291 3431 402 3491 scelere
424 3441 493 3492 ante
515 3432 587 3493 alios
609 3433 764 3493 immanior
788 3432 893 3492 omnis.

167 3598 215 3649 317
234 3597 338 3647 Eurum
356 3596 472 3663 Rutgers,
492 3599 558 3650 Lect.
579 3598 672 3651 Venus.
691 3599 732 3664 Vl,
750 3604 775 3651 et
793 3599 867 3650 Ribb.
947 3600 996 3651 323
1019 3598 1125 3653 maculo

81 3663 190 3716 Vindob.
210 3659 227 3715 ὃ
245 3663 327 3717 Made.
347 3665 417 3730 34*).
453 3670 570 3731 tegmina
588 3668 616 3736 γ’
636 3668 700 3721 Rbb.
731 3672 836 3733 tergore
854 3666 927 3718 thr.
955 3669 1032 3730 1884,
1050 3670 1135 3732 402,

81 3733 168 3798 lyncis
185 3733 295 3800 pendeat
313 3749 326 3785 e
344 3734 469 3786 vocabulo
489 3749 604 3786 curcum.
686 3739 736 3788 324
754 3737 836 3787 damn.
857 3733 968 3786 Schenkl
988 3750 1027 3801 ep.
1047 3734 1088 3790 lll.

81 3802 130 3852 333
155 3803 188 3851 ab
206 3803 340 3867 Agenoris
362 3805 427 3853 urbe
451 3801 558 3855 lleidtm.
579 3805 652 3868 1885,
672 3807 695 3859 3.
764 3806 813 3856 340
835 3805 909 3867 gerit
933 3802 998 3855 Gent
1019 3807 1040 3855 1.

82 3870 131 3920 343
151 3870 222 3935 agri]
242 3874 306 3921 aori
323 3869 396 3924 liuet.
415 3873 455 3935 62,
474 3870 548 3922 Ribb.
