2286 4394
438 212 599 267 rubemus
618 211 675 266 blB.
693 213 734 265 lll.
1058 212 1120 272 225

33 391 273 472 perfossumque
294 387 368 449 locis
390 387 577 467 clipeumque
599 405 635 447 ex
657 404 725 448 aere
747 387 882 449 sinistrae
1094 397 1123 448 ιι)

31 475 174 554 subligat
194 482 283 553 atque
306 492 408 534 ensem
430 472 506 534 collo
529 471 684 568 suspendit
707 471 864 534 eburnum

37 570 108 622 tum
131 560 229 622 socios
251 562 391 656 (namque
414 558 512 620 omnis
533 576 601 618 enm
624 557 729 637 stipata
750 557 869 655 tegebat

39 645 131 708 turba
155 645 276 720 ducum)
298 643 341 705 sic
362 643 510 740 incipiens
531 643 668 704 hortatur
690 643 817 705 ovantis:

33 721 183 792 maxima
205 747 252 790 res
274 729 393 802 ellecta,
415 729 485 802 viri;
507 727 597 789 timor
619 728 717 789 omnis
739 727 856 803 abesto,

25 815 132 913 qnod
150 821 301 894 superest;
324 814 396 874 haec
418 822 490 875 sunt
511 812 604 893 spolia
627 813 714 874 etde
738 831 807 893 rege
829 812 959 893 superbo

42 900 193 981 primitiae
215 897 410 977 manibusque
432 899 506 960 meis
527 897 690 959 Mezentius
711 898 760 959 hic
782 906 835 960 est.

43 1004 130 1048 nunc
152 984 209 1046 iter
230 983 266 1045 ad
288 1002 388 1063 regem
411 983 497 1044 nobis
517 1000 679 1061 murosque
701 982 832 1045 Latinos.

41 1089 128 1132 arma
150 1078 250 1150 parate
272 1067 377 1129 animis
399 1077 428 1128 et
449 1086 502 1148 spe
523 1068 702 1147 praesumite
724 1067 850 1142 bellum,

44 1175 86 1217 ne
108 1173 168 1235 qua
190 1172 273 1215 mora
295 1153 430 1233 ignaros,
452 1151 504 1214 ubi
525 1153 655 1232 primum
675 1151 784 1214 vellere
805 1154 888 1233 signa

43 1239 209 1303 adnuerint
229 1239 329 1319 superi
351 1237 521 1319 pubemque
543 1238 669 1298 educere
692 1238 812 1314 castris,

43 1325 188 1407 impediat
208 1324 343 1421 segnisve
365 1334 447 1386 metu
468 1322 613 1385 sententia
636 1322 740 1384 tardet

41 1411 161 1473 interea
183 1409 280 1471 socios
300 1408 511 1487 inhumataque
534 1426 660 1487 corpora
681 1416 779 1470 terrae

42 1496 240 1597 mandemus,
264 1493 314 1573 qui
336 1493 417 1555 solus
437 1494 534 1555 honos
556 1494 723 1555 Acheronte
746 1493 832 1556 sub
825 1512 884 1555 rmc
907 1502 959 1556 est.

44 1571 101 1643 ite'
127 1580 184 1656 ait,
203 1571 350 1659 ‘egregias
372 1579 500 1654 animas,
523 1596 598 1657 quae
620 1578 765 1658 sanguine
789 1578 874 1641 nobis

42 1667 127 1727 banc
150 1665 275 1744 patriam
297 1682 441 1745 peperere
464 1683 535 1738 suo,
558 1664 695 1725 decorate
717 1664 863 1743 supremis

42 1749 242 1825 muneribus,
263 1757 465 1828 maestamque
487 1710 620 1810 Edandri
642 1748 757 1828 primos
779 1749 814 1809 ad
836 1747 941 1808 urbem

42 1836 183 1901 mittatur
204 1796 312 1908 Pdllas,
335 1853 423 1914 quem
448 1854 509 1895 non
532 1834 647 1895 virtutis
670 1841 806 1912 egentem

40 1920 172 1983 abstulit
192 1928 254 1982 atra
275 1919 338 1981 dies
361 1927 390 1981 et
411 1921 517 1980 sunere
538 1919 642 1980 mersit
663 1913 795 1980 acerbo'

138 2005 187 2066 Sic
208 2005 249 2066 ait
270 2004 459 2066 inlacrimans
480 2004 645 2085 recipitque
668 2003 704 2064 ad
726 2003 826 2064 limina
849 2021 998 2083 gressum,

43 2109 162 2170 corpus
183 2090 235 2151 ubi
257 2091 385 2152 exanimi
407 2090 536 2171 positum
559 2089 700 2151 Pallantis
721 2090 845 2151 Acoetes

41 2174 187 2239 servabat
208 2175 323 2250 senior,
347 2175 397 2254 qui
420 2175 575 2237 Parrhasio
596 2174 737 2235 Euandro

43 2261 182 2340 armiger
202 2268 271 2322 ante
294 2260 365 2336 fuit,
388 2261 439 2323 sed
462 2279 523 2322 non
547 2259 681 2322 felicibus
704 2276 797 2338 aeque

43 2357 116 2409 tum
139 2364 237 2407 comes
258 2345 398 2426 auspiciis
420 2363 489 2406 caro
512 2345 595 2406 datus
617 2343 677 2406 ibat
700 2344 829 2405 alumno.

43 2431 165 2494 circum
187 2431 283 2493 omnis
305 2430 507 2509 famulumque
529 2448 634 2491 manus
653 2429 841 2507 Troianaque
863 2426 948 2488 turba

44 2526 81 2579 et
102 2526 247 2577 maestum
268 2515 373 2577 Iliades
395 2515 507 2577 crinem
531 2516 567 2578 de
591 2533 672 2576 more
695 2514 816 2576 solutae.

47 2610 87 2664 ut
107 2620 179 2662 vero
201 2602 315 2663 deneas
338 2599 452 2662 foribus
474 2619 538 2662 sese
561 2600 661 2661 intulit
682 2600 761 2673 altis,

45 2688 206 2766 ingentem
227 2685 369 2767 gemitum
391 2686 487 2747 tunsis
508 2686 543 2746 ad
567 2685 661 2747 sidera
684 2684 793 2747 tollunt

47 2771 225 2852 pectoribus
245 2780 418 2850 maestoque
440 2770 575 2849 immugit
598 2770 678 2849 regia
699 2768 791 2830 luctu.

48 2858 118 2936 ipse
140 2864 228 2936 caput
250 2857 327 2918 nivei
349 2856 456 2917 lultum
479 2855 618 2916 Pallantis
640 2862 670 2915 et
693 2872 744 2914 ora

50 2952 88 3003 ut
107 2941 180 3001 vidit
200 2940 315 3020 levique
337 2941 495 3021 potensin
518 2949 640 3019 pectore
663 2938 767 2999 volnus

45 3025 184 3130 cuspidis
205 3026 370 3100 Ausoniae,
392 3026 521 3087 lacrimis
543 3025 582 3087 ita
604 3026 682 3086 latur
704 3022 798 3085 obort'
779 3031 829 3084 ttrs

45 3100 142 3171 ‘'tene
166 3109 279 3190 inquit,
299 3072 478 3174 ‘miserande
501 3128 591 3190 puer,
615 3128 684 3171 cnm
705 3108 781 3170 laeta
802 3107 932 3179 veniret,

50 3194 159 3257 invidit
179 3195 311 3258 Fortuna
335 3196 422 3270 mibi,
446 3215 484 3257 ne
506 3215 598 3276 regna
619 3196 733 3258 videres

53 3289 159 3342 nostra
182 3300 279 3362 neque
303 3283 338 3343 ad
361 3283 446 3344 sedes
466 3281 560 3342 victor
581 3282 723 3343 veherere
745 3275 907 3360 paternas‘.l

53 3385 116 3427 non
138 3367 212 3428 baec
233 3366 374 3428 lluandro
397 3368 434 3428 de
457 3375 485 3427 te
508 3367 651 3446 promissa
674 3367 790 3447 parenti
1104 3368 1133 3418 45

51 3450 211 3513 discedens
232 3452 386 3526 dederam,
409 3470 477 3513 cum
500 3470 547 3513 me
570 3451 742 3532 complexus
764 3458 885 3512 euntem

50 3535 185 3597 mitteret
205 3537 234 3596 in
260 3555 400 3617 magnum
423 3537 580 3617 imperium
603 3545 800 3614 metuensque
822 3542 958 3595 moneret

145 3757 205 3807 lle.
228 3772 368 3822 nomque.
391 3756 539 3808 ἀ.ιιιιιιιι
533 3771 558 3806 ιιι
578 3771 647 3821 susp.
666 3771 723 3808 voc.
742 3753 783 3807 lll.
803 3754 876 3816 1882,
895 3753 936 3804 27
1024 3754 1054 3804 18
1073 3755 1131 3800 ante

54 3825 156 3874 animis
173 3823 231 3876 dist.
255 3823 295 3876 Ill.
317 3825 391 3889 1882,
411 3827 457 3885 18;
476 3824 509 3878 cl
523 3823 594 3877 Serv.
649 3825 679 3876 21
699 3826 739 3885 oe]
758 3837 807 3887 que
825 3792 883 3871 libri
902 3835 938 3885 pr.
953 3817 992 3870 Μ1
1045 3819 1076 3872 23
1095 3820 1134 3870 ιιι

54 3907 105 3944 οιιι.
125 3889 168 3943 PR
238 3894 271 3944 24
289 3895 338 3956 nit]
358 3895 431 3958 agite
448 3890 563 3952 Peerlk.;
583 3891 614 3945 cl.
633 3890 705 3943 Serv.
724 3891 760 3956 pl.
833 3890 866 3942 38
884 3890 1014 3954 mistoque
1031 3885 1133 3942 Peerlk

106 3984 227 4035 vergilius.
703 4006 705 4009 ·
933 3976 966 4027 lb
