2286 4394
61 192 80 251 8
427 189 454 243 Ρ.
468 188 598 242 vnuciu
614 189 762 242 undonis

61 366 132 427 binc
155 366 218 425 lore
240 365 378 425 ductores
401 372 535 424 revocato
559 381 574 423 a
597 364 741 443 sauguine
763 363 887 439 Teucri,

19 489 22 498 ·
62 450 114 530 qui
137 468 233 523 mare,
256 448 306 528 qui
329 457 422 510 terras
445 450 525 510 omui
548 448 664 509 dicione
687 457 839 524 tenerent,

62 534 211 616 pollicitus
232 569 274 579 —
297 552 371 612 quae
393 542 436 607 te,
459 534 591 612 genitor,
614 535 761 596 sententia
782 533 890 596 vertitl

61 621 119 683 hoc
142 619 277 699 equidem
301 636 436 679 occasum
460 619 566 680 Troiae
588 619 738 698 tristisque
761 620 861 682 ruinas

62 705 177 767 solabar
199 705 265 766 latis
288 704 434 765 contraria
456 704 514 764 fata
536 704 720 784 rependens;

64 809 145 853 nuno
168 790 270 851 eadem
292 790 412 850 fortuna
434 789 512 850 viros
534 798 578 850 tot
599 788 715 851 casibus
737 799 817 851 actos

62 875 238 955 insequitur.
284 893 371 954 quem
395 874 445 936 das
467 875 567 949 finem,
589 893 639 935 rex
663 893 785 954 magne,
808 875 965 939 laborum?

62 962 197 1023 Antenor
219 961 316 1040 potuit
338 960 440 1022 mediis
462 961 578 1040 elapsus
599 959 715 1021 Achivis

62 1047 195 1127 Illyricos
218 1053 374 1125 penetrare
396 1045 480 1106 sinus
502 1054 590 1125 atque
611 1044 713 1106 intima
734 1052 815 1106 tutus

62 1151 153 1212 regna
175 1131 377 1193 Liburnorum
399 1138 428 1190 et
450 1131 563 1191 iontem
585 1148 725 1210 superare
747 1131 873 1205 Timavi,

62 1219 142 1279 unde
164 1235 218 1295 per
241 1234 292 1277 ora
314 1232 419 1276 novem
441 1223 521 1276 vasto
545 1233 613 1277 cum
636 1233 786 1276 murmure
809 1216 919 1278 montis

63 1304 85 1364 it
106 1319 187 1362 mare
210 1310 386 1380 proruptum
410 1308 439 1361 et
459 1300 564 1381 pelago
587 1301 695 1380 premit
716 1318 782 1360 arva
804 1303 931 1363 sonanti.

63 1387 111 1448 bic
133 1397 232 1447 tamen
256 1386 303 1447 ille
326 1385 430 1446 urbem
453 1385 551 1446 Patavi
573 1385 717 1465 sedesque
739 1385 844 1447 locavit

63 1472 248 1533 Teucrorum
271 1480 301 1531 et
322 1471 402 1548 genti
425 1489 534 1532 nomen
557 1470 638 1531 dedit
658 1489 796 1549 armaque
817 1472 880 1532 fixit

64 1556 169 1628 Troia,
195 1573 275 1616 nunc
297 1554 408 1634 placida
431 1564 601 1635 compostus
623 1574 696 1634 pace
718 1555 857 1634 quiescit:

64 1661 135 1715 nos,
157 1652 206 1702 tua
228 1640 403 1720 progenies,
426 1640 498 1701 caeli
521 1640 628 1720 quibus
651 1640 755 1702 adnuis
777 1659 889 1714 arcem,

64 1727 186 1787 navibus
207 1723 374 1807 (infandum
383 1723 402 1805 l)
425 1726 538 1787 amissis
560 1726 649 1786 unius
671 1725 709 1786 ob
731 1725 804 1786 iram

63 1812 218 1893 prodimur
239 1819 327 1890 atque
349 1808 428 1871 Italis
449 1809 538 1890 longe
561 1810 756 1890 disiungimur
779 1811 847 1873 oris.

63 1898 113 1959 bic
134 1896 249 1977 pietatis
271 1892 387 1957 bonos?
410 1895 452 1957 sio
475 1915 531 1957 nos
552 1896 583 1957 in
607 1906 723 1974 sceptra
744 1892 901 1976 reponisl'

150 1982 206 2045 Olli
228 1980 385 2044 subridens
407 1981 561 2043 hominum
584 1989 663 2044 sator
685 1990 772 2060 atque
794 1983 917 2043 deorum

64 2069 159 2143 voltu,
184 2087 242 2147 quo
266 2067 380 2128 caelum
402 2076 650 2148 tempestatesque
673 2074 808 2135 serenat,

65 2155 165 2217 oscula
188 2153 287 2215 libavit
309 2163 407 2226 natae,
430 2153 538 2215 debinc
559 2153 626 2214 talia
649 2153 740 2213 latur:

61 2232 163 2319 ‘parce
186 2247 281 2311 metu,
305 2238 464 2318 Cytherea,
486 2246 607 2299 manent
629 2237 748 2297 immota
771 2245 888 2297 tuorum

63 2326 121 2385 lata
144 2323 213 2396 tibi;
236 2341 341 2383 cernes
363 2320 468 2382 urbem
491 2333 520 2382 et
542 2322 686 2400 promissa
710 2321 810 2381 Lavini

64 2407 181 2468 moenia
204 2405 418 2484 sublimemque
440 2406 517 2466 feres
540 2406 575 2466 ad
598 2405 693 2488 sidera
716 2406 788 2466 oaeli

63 2492 284 2572 magnanimum
308 2491 444 2565 Aeneam
467 2508 565 2569 neque
586 2509 634 2551 me
656 2492 803 2552 sententia
826 2492 919 2553 vertit.

64 2577 112 2638 hio
134 2576 187 2636 tibi
209 2575 305 2655 (labor
327 2576 421 2648 enim,
446 2576 563 2653 quando
586 2576 658 2636 haee
680 2585 708 2636 te
730 2595 801 2637 eura
823 2578 986 2651 remordet,

64 2661 182 2741 longius
205 2669 233 2722 et
254 2661 373 2722 volvens
396 2662 521 2721 latorum
543 2679 647 2722 arcana
671 2657 808 2742 movebo)

64 2746 175 2808 bellum
198 2747 304 2825 ingens
325 2755 408 2824 geret
429 2745 512 2806 ltalia
533 2746 718 2826 populosque
740 2746 849 2807 ferocis

65 2832 230 2893 contundet
252 2849 409 2909 moresque
432 2831 500 2892 viris
523 2841 552 2892 et
574 2833 690 2893 moenia
712 2842 819 2911 ponet,

65 2918 150 2978 tertia
172 2918 241 2978 dum
265 2917 347 2976 latio
371 2925 545 2997 regnantem
567 2917 671 2978 viderit
693 2926 786 2978 aestas

66 3012 211 3081 ternaque
234 3001 405 3062 transierint
426 3001 543 3064 Rutulis
564 3002 686 3063 hiberna
710 3000 847 3064 subactis.

65 3096 94 3148 at
116 3106 192 3167 puer
213 3087 369 3160 Ascanius,
393 3087 441 3147 oui
462 3106 545 3148 nunc
568 3106 734 3166 cognomen
757 3086 820 3147 lulo

65 3173 181 3234 additur
203 3172 274 3250 (llus
297 3180 375 3245 erat,
397 3172 466 3232 dum
489 3190 537 3234 res
559 3174 638 3234 stetit
659 3172 711 3233 llia
733 3171 856 3250 regno),

62 3257 184 3338 triginta
207 3276 329 3334 magnos
351 3257 499 3319 volvendis
522 3258 672 3320 mensibus
696 3257 776 3318 orbis

64 3343 188 3422 imperio
212 3341 340 3421 explebit
361 3361 547 3423 regnumque
568 3343 604 3404 ab
627 3343 695 3404 sede
718 3341 819 3402 Lavini
1097 3350 1140 3402 ard

64 3429 224 3489 transferet
246 3436 274 3488 et
295 3427 428 3507 Longam
451 3429 541 3490 multa
563 3429 591 3489 vi
612 3428 727 3488 muniet
749 3427 862 3490 Albam.

153 3616 200 3666 237
216 3613 364 3680 pollicitu’r
381 3612 455 3666 Ribb.
554 3616 604 3666 246
620 3618 798 3681 praeruptum
818 3612 881 3683 V²y¹
894 3610 952 3663 Sen.
971 3608 1028 3663 Nat.
1048 3628 1092 3678 qu.
1110 3609 1140 3663 lll

69 3736 131 3795 1,1;
150 3734 181 3786 el.
196 3733 266 3785 Serv.
280 3697 447 3798 pr⁰.⁰ruptum
465 3731 483 3783 F
501 3731 585 3796 (ilem.
604 3733 613 3784 l
631 3737 678 3786 521
699 3738 771 3800 putat
790 3733 868 3810 luisse
884 3732 984 3795 proer.)
1045 3798 1050 3810 ι

67 3802 115 3853 267
136 3806 180 3852 eui
196 3839 202 3854 .
218 3839 225 3854 .
242 3816 326 3866 regno
349 3802 398 3856 268
421 3806 450 3853 ut
471 3801 549 3853 verba
568 3808 672 3868 poetae,
696 3817 746 3852 non
769 3801 835 3852 lovis
857 3813 883 3848 m
907 3798 1052 3864 parenthesi
1077 3798 1141 3866 poni

67 3869 124 3921 vult
142 3868 205 3922 Jort.
225 3872 283 3924 463.
352 3871 401 3926 268
419 3870 513 3936 regno]
532 3875 605 3921 recto
624 3869 697 3924 Bdhr.
713 3872 786 3933 1884,
805 3868 877 3926 400⁶;
897 3866 981 3918 malim
999 3866 1083 3920 solva.
