2286 4394
46 270 48 275 .
64 233 83 292 6
432 233 460 288 P.
472 232 597 286 vncclu
615 232 760 286 MARONlS

44 415 104 470 est
126 406 156 467 in
180 424 298 469 secessu
320 406 409 485 longo
431 405 530 467 locus:
554 404 649 466 insula
671 413 789 484 portum

61 492 152 554 efficit
174 490 289 553 obiectu
312 492 453 562 laterum,
476 490 584 570 quibus
606 490 702 552 omnis
724 489 760 552 ab
784 490 841 551 alto

60 576 206 657 frangitur
227 578 319 656 inque
340 577 424 638 sinus
446 575 555 638 scindit
576 593 640 636 sese
663 576 743 637 unda
765 577 913 638 reductos.

61 663 131 724 hinc
154 671 241 741 atque
263 663 334 723 hinc
354 672 452 723 vastae
475 679 564 740 rupes
585 661 755 740 geminique
778 661 929 722 minantur

59 749 90 808 in
114 747 227 809 caelum
251 747 381 827 scopuli,
404 764 530 826 quorum
553 744 609 808 suh
629 746 737 808 vertice
760 747 816 807 late

59 850 188 912 aequora
211 841 274 893 tuta
295 833 398 908 silent;
421 840 483 892 tum
507 830 585 893 silvis
606 849 713 892 scaena
735 830 866 893 coruscis

59 919 202 1000 desuper,
224 918 417 997 horrentique
439 926 535 978 atrum
558 934 663 978 nemus
684 916 819 977 imminet
841 916 962 991 umbra;

58 1005 159 1065 fronte
180 1002 235 1064 sub
258 1004 376 1064 adversa
399 1002 528 1082 scopulis
549 1000 751 1081 pendentibus
773 1011 907 1075 antrum,

60 1089 141 1150 intus
163 1107 255 1168 aquae
277 1089 377 1149 dulces
399 1088 522 1166 vivoque
544 1085 645 1147 sedilia
667 1105 750 1160 saxo,

60 1173 256 1253 nympharum
279 1174 392 1234 domus.
436 1172 483 1232 hic
505 1172 596 1232 fessas
619 1190 679 1232 non
704 1171 819 1233 vincula
843 1171 923 1233 navis

58 1258 118 1319 ulla
140 1267 260 1332 tenent,
282 1276 361 1319 unco
386 1276 446 1318 non
469 1257 566 1335 alligat
588 1275 697 1318 ancora
719 1275 830 1319 morsu.

58 1343 118 1404 huc
140 1352 253 1422 septem
275 1344 389 1403 Aeneas
412 1342 542 1403 collectis
565 1341 688 1404 navibus
711 1342 792 1404 omni
827 1352 831 1357 ’

59 1446 96 1489 ex
118 1447 243 1489 numero
265 1427 357 1501 subit;
384 1445 417 1488 ac
439 1445 547 1506 magno
569 1427 682 1489 telluris
704 1445 803 1488 amore

59 1513 169 1592 egressi
193 1521 291 1592 optata
312 1513 468 1592 potiuntur
490 1512 582 1574 Troes
604 1513 715 1573 harena

59 1606 89 1658 et
111 1598 170 1659 sale
193 1598 319 1658 tabentis
342 1606 423 1658 artus
446 1598 475 1658 in
499 1596 585 1658 litore
607 1606 736 1677 ponunt.

57 1700 92 1744 ac
114 1683 241 1763 primurn
265 1682 339 1744 silici
361 1682 516 1743 scintillam
540 1683 658 1744 excudit
680 1683 803 1744 Achates

58 1768 247 1848 suscepitque
270 1768 369 1848 ignem
392 1767 469 1829 foliis
492 1776 579 1847 atque
601 1768 681 1828 arida
705 1767 816 1827 circum

58 1853 239 1914 nutrimenta
263 1853 342 1914 dedit
364 1852 521 1933 rapuitque
543 1852 572 1913 in
596 1853 697 1913 fomite
719 1853 876 1912 flammam.

56 1948 119 2000 tum
142 1938 280 2000 Cererem
303 1945 474 2019 corruptam
497 1937 585 2000 undis
606 1937 795 2017 Cerealiaque
816 1955 896 1998 arma

58 2024 218 2104 expediunt
240 2025 308 2087 fessi
331 2042 430 2086 rerum
453 2025 611 2104 frugesque
634 2031 768 2102 receptas

57 2118 87 2169 et
108 2118 223 2172 torrere
245 2120 352 2191 parant
372 2111 497 2171 flammis
519 2118 548 2170 et
569 2111 706 2190 frangere
728 2126 807 2170 saxo.

140 2197 254 2257 Aeneas
276 2196 430 2274 scopulum
453 2194 566 2255 interea
589 2193 763 2255 conscendit
785 2201 814 2253 et
836 2209 953 2254 omnem

54 2289 245 2359 prospectum
268 2279 325 2341 late
348 2279 453 2358 pelago
476 2278 565 2356 petit,
588 2278 703 2339 Anthea
725 2279 750 2340 si
773 2295 859 2357 quem

54 2364 192 2424 iactatum
214 2374 301 2424 vento
324 2364 419 2424 videat
440 2362 639 2442 Phrygiasque
661 2361 797 2436 biremis,

54 2457 106 2508 aut
128 2447 226 2528 Capyn
250 2458 300 2507 aut
324 2447 408 2509 celsis
431 2447 461 2507 in
487 2445 634 2527 puppibus
657 2466 736 2509 arma
760 2448 854 2509 Caici.

55 2551 159 2602 navem
181 2534 212 2594 in
235 2541 399 2611 conspectu
422 2532 548 2604 nullam,
571 2532 624 2593 tris
646 2532 731 2594 litore
754 2551 856 2594 cervos

54 2618 198 2698 prospicit
220 2618 362 2694 errantis;
386 2618 441 2679 bos
464 2625 523 2678 tota
546 2627 676 2678 armenta
700 2628 867 2697 sequuntur

55 2721 70 2763 a
94 2713 177 2782 tergo
201 2712 230 2763 et
251 2703 373 2781 longum
396 2721 452 2783 per
473 2703 553 2764 vallis
574 2703 705 2782 pascitur
727 2721 844 2781 agmen.

55 2789 188 2849 constitit
209 2788 258 2849 hic
280 2806 441 2867 arcumque
463 2806 553 2849 manu
576 2788 739 2867 celerisque
761 2788 880 2868 sagittas

55 2873 216 2952 corripuit,
239 2873 314 2934 fidus
336 2892 411 2952 quae
434 2875 490 2935 tela
512 2872 633 2952 gerebat
654 2876 794 2948 Achates,

54 2957 252 3037 ductoresque
275 2959 353 3037 ipsos
375 2960 504 3039 primum
528 2959 621 3038 capita
644 2959 700 3020 alta
723 2959 844 3021 ferentis

55 3043 197 3106 cornibus
219 3042 352 3105 arboreis
374 3044 493 3118 sternit,
516 3053 579 3105 tum
600 3045 703 3125 volgus
726 3055 757 3105 et
778 3062 896 3105 omnem

40 3129 159 3189 miscet
182 3147 272 3206 agens
294 3129 360 3190 telis
383 3148 504 3190 nemora
527 3130 605 3190 inter
627 3130 749 3191 frondea
771 3129 902 3203 turham3

55 3206 112 3274 inec
135 3214 216 3292 prius
239 3212 368 3288 absistit,
391 3233 480 3292 quam
503 3224 614 3293 septem
639 3215 769 3294 ingentia
792 3215 884 3275 victor

56 3315 181 3376 corpora
205 3298 309 3359 fundat
331 3299 413 3360 humi
436 3308 464 3360 et
487 3318 644 3361 numerum
667 3318 734 3360 cum
758 3300 882 3361 navibus
904 3309 1020 3379 aequet.

53 3382 127 3444 hinc
148 3390 265 3462 portum
288 3383 360 3463 petit
383 3393 413 3445 et
434 3384 530 3446 socios
552 3385 678 3463 partitur
699 3386 729 3445 in
753 3385 859 3445 omnis.

54 3467 122 3529 vina
144 3468 240 3529 bonus
264 3487 338 3546 quae
360 3469 467 3531 deinde
491 3470 569 3530 cadis
593 3478 730 3530 onerarat
753 3472 873 3531 Acestes
1088 3479 1128 3530 195

55 3552 141 3615 litore
163 3553 317 3614 Trinacrio
339 3553 517 3633 dederatque
540 3553 718 3616 abeuntibus
740 3556 842 3627 heros,

144 3708 192 3758 175
210 3707 326 3771 succepit
343 3702 405 3755 MRc
419 3703 490 3755 Serv.
508 3703 582 3756 Rihh.
688 3707 736 3759 116
752 3708 881 3771 ponitque
892 3703 967 3754 cunr.
983 3705 1056 3766 1884,
1071 3706 1129 3758 399.

56 3772 103 3824 181
122 3776 146 3822 el
165 3789 198 3823 uo
235 3772 246 3803 ²
258 3772 352 3824 Charis.
365 3771 384 3823 ll
397 3773 455 3835 218,
465 3773 507 3824 31.
526 3771 597 3824 Serv.
609 3773 643 3839 pl.
717 3775 764 3826 188
778 3772 855 3824 verba
868 3772 939 3833 fidus
952 3808 958 3822 .
972 3808 978 3823 .
992 3811 998 3825 .
1013 3773 1132 3824 Achates

53 3837 138 3891 damn.
173 3792 250 3892 eerik.
264 3840 329 3893 Rbb.
341 3839 421 3893 Gehh.
495 3842 542 3893 193
561 3843 640 3892 humo
654 3841 710 3893 libri
724 3848 823 3907 praeter
841 3838 884 3903 c²g
896 3839 978 3892 Srevii
991 3839 1131 3909 plerosque

52 3907 111 3960 cod.
177 3911 224 3961 195
243 3909 338 3960 deindo
355 3912 439 3960 bonna
456 3925 524 3975 quac
541 3912 604 3960 cirta
623 3908 680 3963 cod.
693 3908 758 3960 Pier.
773 3902 899 3974 ‘aliquot'.
971 3909 1018 3960 196
1037 3909 1133 3976 hospes
