2286 4394
75 203 116 264 82
445 204 473 257 P.
486 202 612 257 veteru
630 201 776 257 mebodls
813 246 820 255 .

74 378 125 440 sed
149 378 233 439 cadat
255 385 323 438 ante
345 377 422 438 diem
445 376 600 456 mediaque
621 376 791 438 inhumatus
813 376 932 438 harena.
947 420 954 436 .
967 420 995 436 ..
1061 363 1077 420 ὓ

74 464 146 523 liaeo
169 480 286 542 precor,
308 461 384 523 banc
406 480 507 523 vocem
531 469 691 523 extremam
714 478 782 521 cum
805 461 950 543 sanguine
969 455 1047 522 lunda.

74 558 135 608 tum
159 566 225 622 vos,
248 565 266 608 o
289 545 385 626 Tyrii,
408 547 531 626 stirpem
553 555 583 608 et
603 564 698 624 genus
720 564 810 607 omne
832 547 963 608 luturum

74 640 208 694 exercete
231 630 306 692 odiis
329 630 482 710 cinerique
504 632 576 692 haec
598 631 703 692 mittite
726 639 830 693 nostro

73 734 207 778 munera.
252 715 351 778 nullus
372 734 456 777 amor
476 715 595 796 populis
618 734 674 776 nec
695 714 814 776 foedera
836 725 935 778 sunto.

74 802 207 864 exoriare
229 799 333 879 aliquis
355 801 466 862 nostris
488 819 523 861 ex
546 800 662 862 ossibus
684 800 778 873 ultor,

75 887 125 967 qui
147 888 210 948 lace
232 885 395 948 Dardanios
417 887 556 964 ferroque
578 902 702 964 sequare
725 885 863 960 colonos,

74 990 171 1047 nunc,
195 971 278 1045 olim,
302 988 491 1050 quocumque
513 970 627 1031 dabunt
648 989 680 1032 se
701 978 836 1049 tempore
856 969 943 1032 vires.

74 1058 160 1118 litora
183 1054 319 1118 litoribus
341 1055 505 1129 contraria,
529 1052 668 1116 fluctibus
690 1053 785 1116 nudas

74 1143 230 1221 imprecor,
253 1159 333 1201 arma
355 1140 459 1216 armis;
484 1150 620 1220 pugnent
642 1140 757 1219 ipsique
779 1131 989 1218 nepotesquel’

75 1227 147 1287 haec
169 1225 209 1286 ait
230 1234 259 1286 et
280 1226 371 1304 partis
394 1225 524 1285 animum
546 1225 680 1286 versabat
702 1225 732 1285 in
757 1223 855 1285 omnis

75 1310 196 1371 invisam
220 1327 367 1388 quaerens
389 1327 476 1389 quam
499 1308 628 1388 primum
650 1308 828 1388 abrumpere
849 1309 955 1370 lucem.

159 1394 235 1455 Turn
258 1393 387 1456 breviter
408 1394 521 1456 liarcen
545 1393 691 1455 nutricem
715 1394 810 1455 adfata
832 1393 956 1473 Sychaei

76 1481 216 1558 (namque
239 1497 321 1539 suam
344 1479 437 1558 patria
460 1479 581 1558 antiqua
603 1479 679 1540 cinis
701 1488 764 1539 ater
786 1479 937 1557 babebat):

71 1557 217 1638 binnam,
240 1581 307 1624 cara
330 1565 402 1625 mihi
424 1564 537 1638 nutrix,
560 1564 620 1624 huc
641 1563 711 1625 siste
733 1582 883 1638 sororem;

74 1648 136 1722 dic,
160 1665 269 1728 corpus
290 1657 432 1728 properet
454 1648 560 1710 fluviali
583 1665 722 1728 spargere
745 1648 863 1729 lympha

76 1743 105 1794 et
128 1734 256 1812 pecudes
279 1750 379 1795 secum
402 1742 431 1793 et
453 1741 615 1795 monstrata
638 1733 754 1812 piacula
776 1733 879 1809 dueat;

74 1817 116 1879 sic
137 1817 252 1893 veniat;
275 1825 367 1897 tuque
390 1817 453 1898 ipsa
475 1819 522 1899 pia
544 1827 612 1897 tege
633 1825 767 1898 tempora
789 1818 869 1879 vitta.

74 1922 156 1966 saera
178 1902 239 1964 lovi
261 1903 377 1983 Stygio,
401 1921 477 1982 quae
500 1903 555 1964 rite
576 1902 694 1982 incepta
716 1903 832 1983 parari,

74 1989 218 2068 perficere
241 1996 285 2049 est
307 1988 424 2049 animus
446 1989 595 2066 finemque
618 1988 773 2067 imponere
795 1987 874 2049 curis

74 2073 271 2153 Dardaniique
294 2091 400 2153 rogum
423 2073 527 2152 capitis
548 2072 720 2151 permittere
743 2067 894 2134 llammae.³

73 2158 117 2220 sic
138 2159 187 2220 ait.
232 2157 279 2219 illa
302 2159 424 2237 gradum
447 2157 544 2219 studio
568 2157 714 2218 celerabat
736 2158 815 2218 anili.

74 2252 104 2304 at
124 2243 237 2323 trepida
261 2251 290 2304 et
312 2243 425 2322 coeptis
447 2241 626 2303 immanibus
647 2243 737 2303 effera
760 2242 834 2303 Dido

74 2328 267 2407 sanguineam
289 2326 409 2387 volvens
431 2327 524 2388 aciem
546 2326 728 2405 maculisque
751 2325 905 2388 trementis

75 2412 217 2473 interfusa
240 2428 331 2490 genas
353 2420 383 2471 et
404 2410 509 2490 pallida
533 2419 629 2472 morte
651 2412 749 2472 lutura

74 2495 216 2555 interiora
238 2496 343 2556 domus
365 2495 510 2575 inrumpit
531 2495 632 2556 limina
654 2504 684 2557 et
705 2495 778 2557 altos

75 2580 248 2640 conscendit
270 2579 429 2642 furibunda
452 2598 541 2660 rogos
564 2599 726 2660 ensemque
748 2578 875 2641 recludit

76 2663 267 2737 Dardanium,
290 2684 352 2727 uon
375 2666 429 2727 hos
452 2665 615 2745 quaesitum
639 2684 748 2726 munus
770 2664 801 2725 in
824 2682 905 2725 usus.

75 2748 138 2823 hio,
161 2758 316 2829 postquam
340 2750 443 2813 Iliacas
465 2759 559 2812 restes
582 2758 745 2829 notumque
768 2748 863 2810 cubile

75 2835 243 2915 conspexit,
265 2835 385 2915 paulum
407 2835 535 2898 lacrimis
558 2844 587 2897 et
609 2842 707 2896 mente
730 2842 858 2908 morata,

74 2920 268 2999 incubuitque
291 2929 356 2983 toro
380 2921 510 3001 dixitque
533 2920 689 2982 novissima
711 2918 814 2980 verba:

71 2997 185 3067 ‘dulces
207 3004 343 3080 exuviae,
367 3007 437 3067 dum
461 3008 518 3068 lata
541 3005 672 3084 deusque
694 3003 824 3078 sinebat,

74 3090 198 3168 aecipite
221 3090 298 3150 hano
319 3090 448 3151 animam
470 3108 577 3169 meque
599 3090 645 3151 his
667 3088 806 3151 exsolvite
828 3086 917 3149 curis.

73 3173 130 3233 vixi
153 3181 197 3246 et,
221 3190 308 3251 quent
332 3174 452 3235 dederat
474 3193 594 3236 cursum
617 3176 753 3247 senuna,
776 3172 893 3254 peregi,

75 3266 103 3317 et
125 3275 207 3318 nunc
230 3274 336 3337 magna
358 3259 416 3319 mei
438 3258 493 3320 sub
517 3267 611 3320 terras
633 3259 686 3319 ibit
708 3259 814 3338 imago.

74 3341 177 3402 urbem
200 3341 379 3421 praeclaram
402 3343 502 3419 statui3
524 3361 589 3405 mea
611 3344 729 3405 moenia
751 3343 825 3418 vidi;

73 3425 133 3487 ulta
155 3427 249 3487 virtum
272 3445 385 3506 poenas
407 3427 526 3489 inimico
549 3448 565 3489 a
588 3428 679 3489 fratre
702 3427 801 3507 recepi
809 3444 817 3500 ;

166 3597 215 3647 620
239 3595 388 3662 medioque]
412 3596 550 3660 luceatque
571 3593 637 3647 Gent
657 3597 695 3648 te.
732 3593 833 3647 Peerllr.
850 3592 898 3645 lec.
924 3596 984 3644 etet.
1010 3592 1074 3644 baec

74 3663 221 3716 desiderans
237 3663 339 3729 praeda
357 3660 424 3723 serta
441 3665 535 3713 iaceat
622 3664 669 3715 621
690 3668 750 3730 poet
769 3664 818 3715 662
836 3665 964 3727 ῐηιιψοε.
983 3659 1064 3712 Gebh.

74 3733 123 3782 633
142 3738 253 3796 suspect.
273 3731 404 3799 Bryanlio.
479 3732 527 3783 641
548 3730 697 3782 celebrabat
713 3728 802 3799 ΜῖΡγ1
821 3729 864 3794 (cl.
883 3727 955 3782 Serv.
974 3727 1021 3794 pl.)
1039 3726 1077 3777 Ril

74 3800 171 3848 anilem
188 3799 288 3867 y²ab¹e¹
324 3800 416 3850 inilem
433 3798 465 3850 ΡΙ
536 3801 582 3851 651
602 3800 725 3848 sinebant
742 3797 882 3852 FP²Ribb
953 3798 1002 3849 655
1021 3799 1077 3862 post

73 3861 186 3928 Mentel„
204 3863 303 3931 Menas.
322 3866 349 3931 ll,
368 3865 461 3933 sprot,
481 3866 545 3921 Rho.
633 3868 682 3918 656
699 3866 783 3918 damn.
802 3865 849 3917 lls.
871 3868 944 3928 1881,
964 3866 1022 3917 267.
