2286 4394
77 228 115 289 78
444 230 472 285 P.
487 230 613 284 vendut
629 230 776 287 metrorus
828 280 831 285 .

73 418 103 467 et
125 406 216 467 solem
239 405 389 484 geminum
412 413 440 464 et
462 404 587 484 duphcis
608 424 640 466 se
662 407 820 469 ostendere
842 409 977 490 Thebas,

74 500 124 552 aut
145 490 394 570 Agamemnonius
416 489 529 551 scaenis
550 490 675 568 agitatus
697 491 818 555 Orestes

73 586 213 636 armatam
236 575 349 636 lacibus
369 584 492 635 matrem
515 584 545 635 et
566 576 754 655 serpentibus
775 579 848 641 atris

73 679 140 722 cum
163 661 253 741 lugit,
276 659 454 738 ultricesque
476 660 581 721 sedent
602 661 633 722 in
657 661 759 723 limine
782 664 876 727 hirae.

159 746 237 826 Ergo
260 745 310 806 ubi
334 746 472 825 concepit
493 745 584 806 lorias
605 746 697 808 evicta
719 748 822 810 dolore

73 831 260 911 decrevitque
281 831 373 904 mori,
395 840 512 908 tempus
534 849 633 892 secum
656 832 718 911 ipsa
740 833 922 915 modumque

73 918 162 998 exigit
184 936 217 979 ac
240 926 378 978 maestam
400 915 486 976 dictis
507 915 643 995 adgressa
666 935 800 978 sororem

73 1003 230 1064 consilium
252 1003 331 1063 voltu
355 1002 427 1080 tegit
448 1019 482 1060 ac
504 1019 586 1080 spem
610 1002 709 1063 lronte
730 1013 865 1065 serenat:

70 1081 198 1157 ‘inueni,
222 1105 378 1168 germana,
400 1087 475 1146 riam
498 1088 625 1164 (gratare
648 1087 771 1164 sorori),

74 1192 149 1252 quae
172 1173 241 1233 milri
265 1172 366 1232 reddat
388 1190 455 1232 eum
478 1170 523 1231 rel
545 1190 580 1232 ec
602 1189 650 1231 me
672 1173 764 1233 solrat
785 1186 943 1237 amantem.

73 1258 183 1319 Oceani
207 1259 296 1317 linem
317 1257 396 1317 iuxta
419 1256 571 1335 solemque
593 1257 746 1318 cadentem

72 1343 191 1404 ultimus
213 1342 388 1421 Aethiopum
413 1340 495 1401 locus
517 1350 576 1416 est,
599 1342 650 1402 ubi
672 1343 818 1405 maximus
839 1344 920 1408 Atlas

71 1446 154 1488 axem
177 1445 280 1487 umero
303 1435 423 1505 torquet
443 1426 536 1488 stellis
557 1426 729 1489 ardentibus
750 1437 869 1508 aptum:

71 1514 141 1574 hinc
162 1513 232 1573 mihi
256 1511 397 1591 Massylae
419 1512 516 1590 gentis
536 1520 700 1573 monstrata
721 1514 876 1591 sacerdos,

71 1598 266 1677 Hesperidum
289 1597 389 1677 templi
412 1606 527 1670 custos,
549 1598 710 1677 epulasque
732 1597 855 1660 draconi

72 1701 146 1764 quae
168 1683 255 1744 dabat
276 1691 306 1743 et
327 1701 427 1744 sacros
448 1681 582 1744 servabat
604 1683 634 1744 in
657 1683 764 1743 arbore
786 1702 885 1747 ramos

72 1771 224 1849 [spargens
247 1769 343 1831 umida
366 1768 451 1828 mella
474 1768 732 1847 soporilemmque
752 1771 900 1849 papaverl.

71 1856 143 1916 haec
165 1874 196 1916 se
219 1854 398 1915 carminibus
419 1853 565 1933 promittit
585 1853 698 1914 solvere
720 1864 851 1928 mentes,

72 1960 144 2021 quas
166 1940 248 2015 velit,
270 1940 398 2002 astabis
420 1940 508 2000 duras
530 1938 687 1999 immittere
708 1957 809 2014 curas,

70 2028 174 2089 sistere
197 2045 301 2106 aquam
323 2026 419 2087 fluviis
442 2034 471 2086 et
492 2034 606 2085 vertere
629 2023 724 2085 sidera
746 2035 841 2100 retro,

70 2121 292 2191 nocturnosque
315 2124 411 2173 movet
433 2110 526 2171 manis
533 2126 542 2184 3
564 2109 679 2188 mugire
703 2109 812 2172 videbis

69 2199 124 2259 sub
148 2196 272 2277 pedibus
294 2209 402 2258 terram
426 2206 455 2257 et
476 2195 656 2257 descendere
677 2193 829 2256 montibus
851 2213 952 2258 ornos.

69 2292 176 2355 testor,
201 2300 282 2353 cara,
306 2282 376 2342 deos
399 2291 494 2354 otte,
518 2299 671 2360 germana,
693 2290 837 2359 tuumque

70 2367 154 2428 dulce
177 2376 278 2445 caput,
301 2365 427 2442 magicas
448 2367 567 2426 inritam
590 2365 739 2443 accingier
760 2367 839 2427 artis.

69 2464 100 2512 tu
124 2461 235 2512 secreta
257 2468 357 2531 pyram
380 2460 459 2510 tecto
482 2451 623 2511 interiore
645 2451 701 2513 suh
723 2469 808 2512 auras

70 2537 148 2616 erige
171 2546 200 2596 et
221 2554 301 2596 arma
322 2535 390 2609 riri,
414 2534 538 2596 thalamo
562 2554 637 2615 quae
659 2538 715 2597 fixa
738 2537 856 2615 reliquit

68 2623 192 2702 impius,
216 2623 391 2700 exuviasque
414 2621 511 2683 omnis
533 2621 701 2700 lectumque
722 2622 864 2700 iugalem,

69 2727 128 2786 quo
150 2708 240 2788 perii,
264 2707 503 2788 superimponas:
527 2707 644 2768 abolere
667 2706 787 2767 nefandi

68 2804 174 2855 cuncta
196 2793 249 2854 viri
272 2803 464 2855 monumenta
486 2793 564 2854 iuvat
585 2801 789 2870 monstratque
809 2782 970 2853 sacerdos'

69 2880 140 2941 hacc
162 2880 246 2941 eliata
268 2880 348 2956 silet3
372 2879 466 2959 pallor
488 2879 574 2941 simul
596 2886 721 2956 occupat
743 2895 803 2937 ora.

69 2986 128 3028 non
152 2976 249 3026 tamen
274 2967 358 3026 Anna
382 2966 464 3026 novis
486 2976 658 3044 praetexere
680 2964 784 3023 lunera
806 2961 896 3023 sacris

68 3069 236 3130 germanam
260 3051 352 3111 credit
374 3070 430 3111 nec
453 3059 550 3110 tantos
572 3059 671 3111 mente
693 3048 808 3108 furores

68 3136 198 3214 concipit
220 3145 269 3196 aut
290 3135 423 3215 graviora
444 3135 543 3209 timet,
567 3152 653 3215 quam
677 3140 772 3193 morte
794 3131 926 3212 Sychaei.

67 3239 138 3301 ergo
160 3220 238 3281 iussa
261 3230 352 3298 parat.

152 3310 188 3365 At
210 3305 311 3384 regina
332 3321 404 3384 pyra
426 3304 569 3384 penetrali
591 3305 621 3365 in
645 3303 714 3365 sede
735 3302 791 3365 sub
812 3319 898 3364 auras

67 3401 165 3452 erecta
188 3390 301 3468 ingenti
324 3388 416 3450 taedis
438 3399 525 3468 atque
547 3389 614 3451 ilice
636 3399 714 3451 secta

67 3477 252 3555 intenditque
275 3475 373 3536 locum
396 3476 482 3535 sortis
504 3485 532 3534 et
555 3475 659 3536 lronde
683 3482 806 3535 coronat

66 3566 203 3637 l'unerea;
227 3580 318 3641 super
340 3561 456 3621 exuvias
478 3578 641 3638 ensemque
664 3560 797 3621 relictum

153 3718 200 3767 ttr
220 3718 343 3779 agitatur
360 3711 400 3763 lll.
419 3711 483 3764 ZdG.
505 3710 578 3774 1861,
597 3713 654 3763 588.
725 3712 773 3762 485
792 3713 819 3760 et
836 3723 891 3773 ευρ.
908 3723 970 3773 pap.
989 3707 1040 3759 486
1054 3705 1137 3760 damn.

66 3779 113 3832 liv.
139 3784 288 3844 1881,136.
342 3784 376 3844 et]
395 3782 418 3830 ir
436 3780 463 3833 C.
481 3775 561 3846 Regel
586 3777 648 3831 GPr.
667 3778 736 3830 celle
761 3779 834 3839 1866,
853 3779 893 3839 23,
912 3783 940 3827 ut
959 3775 1035 3826 rerba
1065 3778 1087 3825 tr
1104 3812 1137 3827 ..

64 3864 154 3898 rantes
171 3851 196 3900 in
210 3849 354 3914 parenthesi
368 3856 503 3913 ponantur.
560 3849 608 3899 486
622 3852 682 3912 post
694 3849 742 3899 611
761 3859 817 3910 pos.
830 3842 911 3909 Ribb.¹
927 3841 990 3896 excl.
1005 3841 1138 3896 Schrader.

65 3917 115 3967 502
134 3918 272 3980 concipere
289 3916 353 3967 tort
373 3918 430 3967 473.
