2286 4394
60 216 120 278 128
431 218 460 272 Ρ.
472 218 600 273 vnuutu
616 218 764 274 HABONIS

56 400 102 451 ter
124 398 248 451 conatus
269 389 311 450 ihi
332 389 408 451 collo
431 391 500 452 dare
521 390 659 453 bracchia
682 393 811 469 circum,

57 485 103 535 ter
124 475 233 536 frustra
255 493 431 555 comprensa
453 494 559 538 manns
581 477 684 556 eiiugit
705 478 803 559 imago

57 577 111 639 par
132 558 246 621 levibus
266 560 362 622 ventis
383 562 556 640 volucrique
577 562 722 624 simillima
744 582 861 626 somno.

143 644 258 706 Interea
280 646 358 706 videt
380 647 493 707 Aeneas
515 647 545 707 in
569 646 641 707 valle
664 648 785 710 reducta

56 731 202 793 seclusum
226 750 331 793 nemus
352 741 382 792 et
403 732 527 810 virgulta
549 732 685 794 sonantia
707 733 796 795 silvae

57 816 293 896 Lethaeamque,
317 817 420 877 domos
442 815 571 896 placidas
593 818 644 896 qui
666 827 835 897 praenotat,
858 838 988 883 amnem.
1078 828 1110 883 at

56 903 138 964 itunc
160 903 271 964 circum
293 902 467 963 innumerae
489 911 594 980 gentes
615 904 778 983 populique
799 904 952 982 volabant3

57 1007 91 1050 ac
112 988 200 1049 ueluti
223 989 252 1049 in
276 988 368 1067 pratis
390 987 439 1048 ubi
462 1006 533 1066 apes
555 996 664 1049 aestate
686 1007 791 1050 serena

56 1074 178 1135 dotibus
200 1074 333 1135 insidunt
354 1073 440 1134 variis
462 1081 490 1132 et
512 1072 634 1134 candida
658 1073 772 1135 circum

56 1159 114 1219 iiiia
137 1159 318 1231 tunduntur,
341 1159 445 1238 strepit
467 1158 564 1219 omnis
585 1176 737 1221 murmure
760 1168 893 1239 campus.
917 1204 957 1223 ..

56 1243 202 1304 horrescit
222 1244 284 1304 visu
307 1242 405 1303 suhito
427 1259 588 1321 causasque
610 1244 735 1322 requirit
1071 1250 1101 1303 m

56 1327 167 1388 inscius
188 1331 317 1401 Aeneas,
340 1346 415 1405 quae
438 1328 498 1388 siut
520 1346 553 1389 oa
575 1328 697 1390 flumina
719 1347 827 1409 porro,

57 1412 143 1490 quive
166 1412 218 1472 viri
240 1420 322 1472 tanto
346 1412 522 1492 complerint
546 1413 663 1492 agmine
685 1412 773 1494 ripas.

55 1507 119 1557 tnm
142 1507 226 1575 pater
248 1497 405 1558 Anchises:
431 1492 575 1573 ‘animae‚
598 1498 708 1577 quihus
729 1499 821 1559 altera
842 1500 904 1563 fato

56 1600 183 1662 corpora
206 1582 366 1655 debentur,
390 1583 509 1644 Lethaei
532 1584 566 1645 ad
590 1584 721 1646 huminis
741 1584 852 1645 undam

20 1680 28 1709 ·'
56 1685 177 1728 securos
198 1667 298 1728 latices
320 1676 350 1728 et
371 1667 587 1751 longfflhl'rvia
610 1678 724 1748 potant
1070 1669 1099 1722 tlt

99 1752 152 1813 has
174 1754 310 1831 equidem
332 1770 497 1815 memorare
518 1754 571 1814 tihi
594 1764 682 1833 atque
704 1754 863 1817 ostendero
884 1772 1002 1830 coram,

99 1838 272 1918 iampridem
295 1840 372 1900 hanc
393 1840 508 1919 prolem
531 1839 619 1918 cupio
642 1857 817 1902 enumerare
838 1857 990 1916 meorum,

99 1942 158 2003 quo
181 1925 274 2005 magis
296 1923 377 1986 ltalia
400 1943 516 1986 mecum
538 1924 646 1986 laetere
668 1916 810 2005 reporta?

52 2002 84 2070 ‘0
107 2019 207 2089 pater,
229 2029 307 2070 anne
329 2011 442 2089 aliquas
463 2010 498 2071 ad
522 2010 635 2071 caelum
658 2009 728 2071 hinc
750 2011 794 2071 ire
816 2009 983 2089 putandum
1004 2016 1046 2073 est

56 2094 190 2157 sublimis
212 2097 323 2156 animas
344 2097 511 2174 iterumque
533 2097 567 2156 ad
590 2093 672 2155 tarda
695 2095 801 2157 reverti
1075 2095 1106 2151 td

57 2178 205 2259 corpora?
235 2200 309 2260 quae
331 2181 406 2242 lucis
427 2180 542 2242 miseris
563 2189 622 2241 tam
645 2180 708 2241 dira
730 2172 876 2260 cupidoi’

53 2257 161 2326 ‘dicam
184 2268 319 2343 equidem
343 2286 398 2327 nec
420 2276 449 2327 te
470 2285 664 2344 suspensum,
689 2275 773 2339 nate,
796 2258 919 2327 teneho'

56 2351 178 2454 suscipit
200 2351 343 2411 Anchises
364 2361 452 2429 atque
475 2352 579 2412 ordine
601 2351 717 2429 singula
739 2350 851 2431 pandit.

151 2435 302 2515 Principio
325 2435 438 2496 caelum
460 2455 493 2497 ac
515 2445 609 2497 terras
632 2453 810 2516 camposque
831 2434 974 2514 liquentis

56 2519 264 2598 lucentemque
287 2520 406 2599 globum
429 2521 517 2582 lunae
540 2521 714 2601 Titaniaque
736 2529 812 2582 astra
1082 2525 1119 2578 th

55 2604 176 2682 spiritus
198 2605 279 2667 intus
301 2605 351 2666 alit
373 2615 524 2685 totamque
546 2607 641 2668 intusa
663 2624 718 2687 per
739 2615 821 2668 artus

57 2707 141 2750 inens
163 2691 251 2768 agitat
273 2691 379 2752 moloni
403 2703 431 2752 et
454 2711 561 2771 magno
584 2712 615 2753 se
637 2710 763 2770 corpore
787 2691 898 2752 miscet.

57 2774 125 2836 inde
146 2776 299 2837 hominum
322 2778 528 2857 pecudumque
550 2796 646 2856 genus
667 2777 800 2856 uitaeque
822 2775 975 2837 volantum

56 2870 86 2921 ct
108 2880 183 2941 quae
205 2881 370 2924 marmoreo
393 2865 450 2924 sert
470 2872 602 2923 monstra
624 2861 679 2923 suh
701 2878 831 2940 aequore
850 2870 971 2940 pontus.

56 2947 160 3025 igneus
183 2959 227 3008 est
248 2949 313 3011 ollis
336 2950 417 3029 vigor
440 2960 467 3010 ct
490 2948 622 3010 caelestis
645 2946 728 3027 origo
1087 2950 1126 3002 id)

56 3033 235 3107 seminibus,
257 3045 401 3113 quantum
424 3053 483 3095 noo
508 3033 595 3095 noxia
616 3051 743 3112 corpora
764 3031 883 3092 tardant

56 3118 226 3195 terrenique
250 3119 391 3180 hebetant
412 3130 492 3181 artus
514 3118 749 3195 moribundaque
770 3115 914 3178 membra.

55 3202 125 3262 hine
148 3212 284 3264 metuunt
306 3205 504 3283 cupiuntque,
527 3204 628 3265 dolent
649 3204 852 3283 gaudentque,
875 3216 975 3279 neque
996 3216 1084 3261 auras

55 3286 215 3364 dispiciunt
238 3288 352 3350 clausae
374 3288 505 3351 tenebris
528 3300 557 3349 et
579 3306 698 3349 carcere
721 3306 819 3349 caeco.

56 3371 128 3450 quin
152 3383 181 3432 et
202 3392 341 3452 supremo
364 3394 432 3435 curn
454 3376 565 3435 lumine
587 3374 644 3435 vita
665 3373 800 3452 reliquit,
1086 3377 1129 3429 '2³5

57 3475 117 3517 nou
142 3467 238 3518 mmen
262 3479 350 3521 omne
373 3460 481 3521 malum
503 3460 618 3522 miseris
640 3478 697 3521 nec
719 3458 851 3520 funditus
873 3472 980 3517 omnes

142 3631 191 3680 702
211 3644 260 3679 om.
279 3628 351 3693 P¹h¹,
369 3629 429 3680 secl.
449 3628 522 3709 Rihh.
603 3630 653 3681 ild
672 3627 755 3708 damu.
773 3625 848 3678 Rihh.
931 3627 981 3677 ‘117
999 3624 1079 3686 hanc]
1098 3636 1129 3671 ac

55 3710 130 3813 pii‘ii
146 3696 257 3816 iiheiu
285 3768 316 3818 rs
337 3695 771 3830 qropibqruogrqpbpptpupq
784 3710 868 3815 ‘1220
886 3694 1130 3817 uaurffisfiig'an

55 3762 452 3897 gte.⁷T1·tanoqoe’0tiuo-a
471 3832 545 3888 Wak.
617 3835 667 3886 tat
684 3835 833 3898 respiciunt
849 3829 939 3893 a²hc²g
948 3829 1021 3885 Serv.
1057 3798 1130 3899 dorp:

55 3904 104 3947 cet.
123 3897 180 3949 hhri
198 3908 298 3965 practer
314 3901 422 3969 y¹a¹rt¹2
