2474 4388
449 219 611 273 nonullos
629 220 687 274 LlB.
706 221 746 276 ΙΙΙ.

52 401 200 454 exercent
223 393 332 473 patrias
355 393 421 455 oleo
445 392 562 454 labente
585 393 744 472 palaestras

53 477 161 539 nudati
184 478 273 554 socii;
296 479 376 540 iuvat
396 478 522 540 evasisse
544 486 589 538 tot
610 476 699 540 urbes

54 562 211 642 Argolicas
232 563 404 642 mediosque
428 564 526 643 lugam
551 562 682 624 tenuisse
703 582 758 643 per
779 563 881 625 hostis.

55 648 172 709 interea
195 665 335 728 magnum
357 649 402 709 sol
424 647 664 709 circumvolvitur
685 666 798 708 annum

56 741 87 793 et
109 732 239 811 glacialis
260 732 356 794 hiems
378 731 568 812 aquilonibus
589 741 707 811 asperat
728 732 832 794 undas.

56 835 126 879 aere
149 835 220 878 cavo
242 817 387 898 clipeum,
410 817 510 896 magni
532 824 682 895 gestamen
706 817 837 891 Abantis,

56 901 195 982 postibus
217 901 346 964 adversis
367 903 426 982 ligo
449 909 480 962 et
501 919 565 962 rem
588 901 718 962 carmine
741 903 843 980 signo:

56 1006 168 1048 innuas
190 1005 263 1048 nano
285 1005 324 1048 nn
346 1004 448 1048 nanus
469 1004 638 1046 vroronious
659 1005 746 1046 anua.

56 1071 195 1150 linquere
216 1080 279 1133 tum
303 1080 409 1151 portus
431 1071 520 1133 iubeo
543 1079 573 1131 et
594 1071 751 1132 considere
772 1071 920 1133 transtris.

56 1155 194 1217 certatim
215 1156 288 1217 socii
309 1156 423 1218 feriunt
444 1173 526 1216 mare
548 1165 578 1216 et
599 1173 728 1234 aequora
749 1167 884 1217 verrunt.

55 1240 197 1320 protinus
219 1240 312 1302 aerias
334 1241 500 1302 Phaeacum
522 1239 731 1302 abscondimus
753 1259 837 1302 arces

57 1325 204 1404 litoraque
227 1325 309 1406 Epiri
331 1325 457 1405 legimus
479 1332 630 1405 portuque
652 1324 786 1387 subimus

57 1409 192 1471 Chaonio
215 1418 245 1472 et
266 1409 373 1472 celsam
396 1409 532 1472 Buthroti
556 1409 723 1472 accedimus
745 1409 859 1472 urbem.

143 1494 199 1556 llic
222 1494 404 1558 incredibilis
427 1513 526 1556 rerum
549 1495 625 1556 fama
649 1504 774 1576 occupat
796 1495 891 1571 auris,

56 1579 226 1641 Priamiden
249 1579 397 1641 Helenum
420 1579 522 1640 Graias
544 1598 668 1659 regnare
692 1599 748 1661 per
767 1580 857 1642 urbes

56 1664 199 1745 coniugio
221 1664 365 1725 Aeacidae
387 1664 493 1745 Pyrrhi
514 1664 699 1745 sceptrisque
721 1665 848 1745 potitum

56 1756 87 1809 et
108 1749 206 1828 patrio
228 1749 456 1811 Andromachen
480 1749 588 1810 iterum
611 1750 734 1812 cessisse
755 1750 872 1810 marito.

56 1832 190 1914 obstipui
211 1834 347 1914 miroque
369 1834 526 1896 incensum
548 1842 653 1913 pectus
678 1852 779 1895 amore
803 1871 810 1880 -

56 1917 237 1997 compellare
259 1919 355 1980 virum
379 1928 407 1979 et
430 1936 515 1980 casus
538 1937 721 1998 cognoscere
742 1926 850 1980 tantos.

55 2001 235 2082 progredior
256 2012 346 2083 portu
368 2002 469 2065 classis
491 2013 521 2088 et
541 2003 629 2065 litora
650 2004 804 2082 linquens,

56 2087 212 2148 sollemnis
233 2105 301 2148 cum
324 2089 401 2148 lorte
423 2087 514 2167 dapes
536 2098 567 2149 et
588 2088 682 2150 tristia
704 2088 782 2148 dona

58 2181 128 2233 aute
150 2172 256 2233 urbem
278 2173 310 2233 in
332 2173 400 2234 luco
423 2172 489 2233 falsi
512 2172 672 2234 Simoentis
694 2172 730 2233 ad
753 2172 861 2233 undam

57 2256 169 2318 libabat
191 2256 285 2317 cineri
306 2257 513 2319 Andromache
535 2258 691 2337 manisque
712 2256 835 2318 vocabat

56 2341 241 2402 Hectoreum
262 2341 299 2402 ad
320 2341 484 2416 tumulum,
506 2341 591 2403 viridi
613 2361 703 2422 quem
725 2342 853 2422 caespite
876 2340 996 2403 inanem

56 2434 87 2487 et
109 2425 258 2506 geminas,
282 2444 401 2488 causam
422 2426 568 2501 lacrimis,
591 2436 754 2504 sacraverat
777 2445 851 2488 aras.

56 2518 92 2572 ut
113 2527 161 2571 me
184 2511 340 2590 conspexit
361 2511 530 2572 venientem
552 2521 582 2573 et
604 2512 692 2573 Troia
715 2511 828 2572 circum

56 2613 139 2656 arma
161 2612 264 2658 amens
285 2595 372 2669 vidit,
394 2596 510 2674 magnis
532 2596 670 2658 exterrita
693 2595 834 2658 monstris

57 2679 187 2758 deriguit
208 2678 271 2741 visu
293 2679 324 2741 in
347 2680 462 2752 medio,
484 2680 565 2741 calor
586 2699 652 2742 ossa
673 2681 807 2760 reliquit,

56 2763 169 2825 labitur
190 2771 220 2824 et
241 2765 331 2844 longo
353 2764 542 2826 vix-tandem
566 2773 701 2846 tempore
723 2765 815 2825 fatur:

55 2842 177 2910 ‘verane
200 2856 229 2909 te
251 2848 355 2925 iacies,
378 2867 465 2911 verus
486 2849 559 2911 mibi
583 2850 706 2912 nuntius
728 2849 842 2924 adfers,

57 2941 128 2994 nate
149 2931 225 2994 neat
247 2931 381 2996 vivisne?
403 2942 471 3008 aut,
494 2934 519 2995 si
540 2935 591 2995 lux
612 2934 687 2995 alma
709 2934 848 3008 recessit,

56 3017 171 3080 Hector
192 3017 243 3079 ubi
266 3011 349 3080 esti’
374 3019 446 3080 dixit
468 3018 660 3099 lacrimasque
683 3019 785 3080 alludit
808 3027 837 3080 et
865 3036 985 3080 omnem

56 3101 190 3183 implevit
212 3102 343 3164 clamore
363 3103 472 3164 locum.
516 3103 561 3164 vix
584 3101 677 3184 pauc'a
700 3104 814 3164 furenti

56 3186 173 3249 subicio
196 3195 226 3248 et
246 3187 322 3250 raris
344 3187 480 3250 turbatus
501 3188 623 3249 vocibus
645 3188 743 3249 hisco:

52 3267 132 3333 ‘vivo
155 3271 292 3351 equidem
316 3273 463 3352 vitamque
485 3283 614 3334 extrema
635 3290 691 3353 per
713 3272 812 3334 omnia
834 3273 927 3348 duco;
1095 3278 1138 3328 315

57 3375 97 3418 ne
120 3355 237 3431 dubita,
261 3375 330 3418 nam
353 3375 420 3418 vera
442 3357 532 3418 vides.

55 3441 133 3504 beul
156 3440 273 3521 quiete
296 3460 382 3504 casus
404 3441 545 3504 deiectam
569 3441 696 3520 coniuge
718 3449 801 3502 tanto

56 3524 168 3606 excipit
189 3533 240 3586 aut
261 3544 338 3606 qnae
359 3525 448 3605 digna
470 3526 539 3588 satis
562 3527 681 3587 fortuna
702 3525 819 3600 revisit,

56 3609 196 3673 Hectoris
219 3607 450 3673 Andromache?
473 3611 598 3692 Pyrrhin
622 3609 750 3672 conubia
773 3605 909 3672 servast’

144 3760 222 3828 28415
239 3763 302 3827 poet
314 3762 363 3814 288
376 3760 436 3813 coll.
454 3760 493 3812 lll.
508 3762 582 3823 1879,
603 3762 633 3813 12
651 3759 699 3811 lac.
712 3760 778 3812 iuter
796 3774 821 3810 v.
841 3760 890 3812 285
905 3764 930 3811 et
943 3756 992 3808 289
1011 3755 1137 3805 statuens.

57 3829 110 3882 319
127 3827 336 3880 Andromachen
359 3827 401 3893 c¹p
419 3827 451 3881 ci.
470 3827 541 3881 Serv.
560 3826 620 3882 Led.
667 3826 841 3894 interrogandi
860 3828 960 3894 signum
978 3820 1057 3887 vulgo
1079 3824 1139 3887 post

56 3898 153 3948 revicit
169 3910 240 3964 pon,
259 3911 310 3948 uon
327 3903 389 3964 post
404 3896 505 3958 Andr.;
524 3900 586 3948 mut.
605 3893 680 3946 Ribb.
