2474 4388
128 219 191 276 154
514 217 541 270 P.
554 216 682 270 VERGHA
698 215 843 270 Maeonis

128 390 293 451 Teutonico
315 389 374 449 ritu
396 388 474 450 soliti
495 396 635 466 torquere
658 389 778 464 cateias3

127 475 258 553 tegmina
279 473 345 552 quis
367 474 496 554 capitum
518 481 620 553 raptus
642 472 678 534 de
700 473 807 534 subere
829 482 932 534 cortex

127 567 302 637 aerataeque
324 559 435 619 micant
456 559 567 638 peltae,
589 557 678 618 micat
699 576 803 619 aereus
824 559 913 620 ensis.

213 643 251 703 Et
272 652 300 704 te
322 652 477 704 montosae
499 644 606 704 misere
627 642 658 703 in
681 644 793 724 proelia
814 643 938 714 Nersae,

128 728 233 802 Utens
257 729 403 806 insignem
426 730 502 789 lama
525 737 555 790 et
575 726 711 789 felicibus
732 729 836 803 armis;

126 813 246 874 horrida
268 814 428 893 praecipue
451 814 498 874 cui
520 831 595 892 gens
616 813 794 891 adsuetaque
816 814 910 874 multo

127 908 233 959 venatu
257 917 429 972 nemorum,
453 898 534 960 duris
555 897 716 977 Aequicula
737 897 858 976 glaebis.

127 984 229 1044 armati
251 992 361 1044 terram
385 992 525 1044 exercent
546 1000 723 1062 semperque
744 982 872 1044 recentis

129 1076 303 1129 convectare
324 1068 404 1129 iuvat
424 1069 547 1146 praedas
568 1076 599 1128 ct
618 1069 716 1129 rivere
737 1077 832 1147 rapto.

214 1152 292 1223 Quin
316 1161 346 1212 et
367 1153 513 1213 Marruvia
534 1153 615 1214 venit
636 1152 673 1213 de
695 1161 784 1230 gente
805 1151 943 1214 sacerdos

128 1237 234 1297 lronde
256 1255 348 1316 super
368 1237 478 1316 galeam
502 1245 532 1298 et
553 1236 629 1298 felici
652 1245 789 1317 comptus
812 1237 900 1310 oliva,

128 1323 270 1401 Archippi
292 1321 370 1401 regis
392 1323 499 1394 missu,
522 1321 700 1385 fortissimus
723 1322 850 1397 Umbro,

128 1407 248 1484 vipereo
270 1407 373 1486 generi
395 1414 425 1467 et
446 1408 573 1487 graviter
594 1407 776 1487 spirantibus
798 1406 898 1490 hydris

128 1508 267 1571 spargere
289 1493 340 1570 qui
362 1509 485 1554 somnos
506 1499 655 1572 cantuque
677 1510 827 1570 manuque
848 1490 963 1552 solebat

129 1575 336 1655 mulcebatque
357 1577 416 1638 iras
438 1585 467 1638 et
488 1596 606 1639 morsus
627 1585 691 1638 arte
712 1575 834 1637 levabat.

129 1661 180 1721 scd
203 1679 263 1721 non
287 1662 450 1722 Dardaniae
473 1663 612 1723 medicari
633 1661 764 1742 cuspidis
786 1662 877 1722 ictum
920 1678 921 1682 ¹

129 1745 235 1805 evaluit
256 1765 354 1824 neque
376 1765 445 1807 eum
466 1747 566 1808 iuvere
589 1749 619 1807 in
642 1746 764 1807 volnere
786 1753 891 1807 cantus

129 1831 282 1892 somniferi
304 1840 334 1892 et
356 1831 459 1892 Marsis
481 1833 630 1910 quaesitae
652 1830 804 1892 montibus
825 1828 946 1890 herbae.

129 1927 158 1977 te
181 1933 286 1977 nemus
308 1917 458 1994 Angitiae,
480 1917 571 1977 vitrea
595 1925 624 1977 te
646 1915 777 1977 Fucinus
798 1915 892 1988 unda,

129 2009 159 2060 te
181 2001 283 2078 liquidi
305 2002 412 2062 flevere
434 2002 524 2062 lacus.

215 2085 279 2146 lhat
301 2094 330 2146 et
352 2085 503 2166 Hippolyti
526 2085 625 2165 proles
646 2083 845 2164 pulcherrima
866 2081 959 2154 bello,

129 2169 261 2246 Virbius,
284 2171 431 2250 insignem
455 2189 544 2250 quem
566 2178 662 2230 mater
682 2169 779 2230 Aricia
800 2167 880 2229 misit

130 2256 268 2316 eductum
289 2255 414 2334 Egeriae
436 2256 511 2317 lucis
533 2255 665 2316 umentia
686 2255 800 2316 circum

130 2339 232 2413 litora,
255 2341 374 2420 pinguis
396 2340 447 2401 ubi
470 2350 500 2401 et
521 2338 672 2420 placabilis
693 2357 743 2400 ara
765 2338 885 2399 Dianae.

131 2442 259 2502 namque
274 2426 375 2485 lerunt
389 2427 465 2485 lama
480 2424 688 2505 Hippolytum,
711 2431 867 2502 postquam
885 2428 948 2481 arte
963 2435 1111 2479 novercae
1192 2424 1202 2438 '

131 2508 273 2568 occiderit
293 2508 461 2588 patriasque
484 2509 608 2588 explerit
629 2509 775 2587 sanguine
797 2523 910 2587 poenas

130 2592 256 2653 turbatis
278 2593 435 2654 distractus
458 2593 557 2672 equis,
580 2593 616 2654 ad
639 2593 734 2655 sidera
756 2609 860 2653 rursus

130 2676 261 2737 aetheria
283 2685 312 2738 et
334 2696 456 2758 superas
477 2679 550 2740 caeli
572 2679 687 2740 venisse
710 2677 765 2739 suh
789 2694 874 2738 auras

131 2761 255 2823 Paeonis
277 2770 446 2824 revocatum
467 2762 568 2825 herbis
590 2772 620 2824 et
642 2781 742 2824 amore
764 2763 883 2823 llianae.

130 2855 193 2907 tum
215 2855 298 2926 pater
320 2849 511 2927 omnipotens
533 2848 660 2928 aliquem
683 2846 855 2926 indignatus
876 2843 912 2904 ah
937 2839 1049 2904 umbris

130 2931 284 2992 mortalem
307 2933 431 2995 infernis
453 2933 488 2995 ad
511 2933 623 2994 lumina
644 2949 767 3011 surgere
788 2931 863 2991 vitae

130 3017 194 3095 ipse
215 3025 400 3096 repertorem
422 3018 585 3080 medicinae
606 3017 672 3079 talis
694 3026 725 3078 et
746 3016 817 3077 artis

130 3100 254 3160 fulmine
276 3100 494 3181 Phoebigenam
518 3102 634 3183 Stygias
655 3101 781 3163 detrusit
801 3100 837 3160 ad
859 3097 964 3160 undas.

130 3192 160 3244 at
182 3184 278 3245 Trivia
300 3184 493 3266 Hippolytum
515 3189 637 3250 secretis
659 3188 733 3248 alma
755 3183 891 3247 recondit

131 3268 249 3330 sedibus
271 3276 302 3330 et
323 3273 470 3350 nymphae
491 3272 616 3352 Egeriae
642 3271 818 3349 nemorique
840 3267 965 3346 relegat,

131 3354 212 3415 solus
233 3353 285 3415 uhi
308 3354 338 3415 in
361 3356 440 3417 silvis
462 3356 541 3418 ltabs
563 3357 702 3436 ignobilis
723 3373 826 3417 aevum

131 3439 261 3516 exigeret
282 3458 426 3518 versoque
447 3441 499 3502 uhi
523 3442 644 3504 nomine
666 3441 784 3502 Virbius
806 3447 892 3500 essct.

131 3525 211 3584 unde
233 3525 320 3584 etiam
342 3526 453 3606 templo
476 3526 589 3587 Triviae
611 3526 746 3605 lucisque
768 3524 889 3586 sacratis

131 3755 223 3793 comm.
242 3741 314 3793 Serv.
349 3742 441 3794 Bellae
458 3742 517 3794 libri
536 3747 584 3794 cet
603 3741 678 3794 Rihb.
752 3745 801 3794 lat)
820 3739 944 3792 Marrula
957 3736 987 3801 R,
1005 3735 1066 3789 inde
1083 3735 1211 3788 Mamaea

131 3810 156 3860 L.
175 3805 268 3862 Mulier
286 3811 344 3862 252.
432 3814 479 3863 'lb'l
498 3810 608 3863 oolam
626 3807 749 3880 H²Pybc²
765 3808 840 3861 Ribb.
939 3807 989 3859 '169
1007 3807 1132 3857 Paeoniis
1151 3805 1212 3857 libri

130 3892 168 3944 pr.
186 3874 225 3926 Μι
311 3879 360 3930 ‘173
378 3879 558 3944 Pomtgenam
576 3878 635 3930 libri
653 3892 692 3944 pr.
710 3877 731 3929 P
749 3881 776 3930 et
793 3876 905 3928 Probum
924 3888 964 3940 ap.
984 3872 1057 3927 Serv.
