2286 4394
68 208 129 269 102
433 207 462 262 P.
473 206 599 263 vallum
615 206 762 264 Maeonis

65 383 112 444 hic
134 380 237 461 Erycis
258 382 333 441 fines
355 379 478 441 fraterni
500 389 587 459 atqua
609 380 719 460 hospes
739 382 876 445 Acestes:
1093 394 1128 447 α

65 466 131 545 quis
153 464 291 545 prohibet
312 482 414 526 muros
435 464 531 527 iacere
554 474 584 527 et
606 465 675 527 dare
696 464 811 529 civibus
831 465 969 529 urbemi

64 572 82 611 o
105 550 198 631 patria
220 559 249 610 et
270 549 346 628 rapti
369 549 549 628 nequiquam
572 568 608 610 ex
628 550 714 613 hoste
735 559 876 631 pennus,

54 635 185 697 nullane
207 635 264 696 iam
286 634 392 695 Troiae
413 633 551 696 dicentur
572 632 712 715 moeniai
735 654 883 716 nusqrsam

63 720 226 782 Hectoreos
248 719 358 792 amnis,
379 718 529 781 Xanthum
551 728 582 781 et
602 720 770 794 Simoenta,
792 720 923 784 videbo?

63 805 136 884 quin
158 805 234 884 agitc
256 813 286 866 et
307 822 422 867 mecum
446 804 585 867 infaustas
606 805 721 867 exurite
736 806 862 903 puppis.
1090 816 1126 867 tat

63 908 131 952 nam
156 890 225 951 mihi
249 889 428 952 Cassandrae
451 908 521 993 per
526 908 664 952 somnum
686 890 760 952 vatis
781 889 879 971 imago

63 976 193 1037 ardentis
216 976 284 1036 dare
305 974 365 1037 visa
388 969 510 1036 lacesz‘
510 966 577 1036 ‘hic
591 975 732 1081 quaerite
753 975 893 1049 Troiam,

63 1061 111 1123 hic
133 1059 237 1123 domus
259 1050 326 1121 est’'
350 1059 449 1138 inquit
467 1052 601 1122 “robisss’
624 1059 683 1121 ianr
704 1068 823 1140 tempus
844 1062 892 1140 agi
914 1078 980 1137 res,

64 1165 120 1207 nec
144 1146 233 1207 tantis
254 1162 336 1206 mora
359 1143 509 1224 prodigiis.
553 1163 589 1206 an
614 1153 755 1224 quattuor
777 1163 845 1207 arae

63 1230 214 1309 Neptuno;
237 1229 338 1291 deus
330 1248 394 1309 rpse
416 1230 496 1292 laces
516 1230 707 1309 animumque
729 1226 896 1293 ministrat'

149 1313 227 1375 Haec
249 1332 417 1376 memorans
438 1314 533 1393 prima
555 1314 705 1377 intensum
727 1316 755 1377 vi
777 1316 901 1397 corripit
922 1316 1022 1399 ignem

62 1398 235 1477 sublataque
257 1398 362 1479 procul
384 1398 485 1460 dextra
508 1400 614 1462 conixa
636 1408 773 1463 coruscat

62 1492 92 1544 et
112 1483 188 1544 iacit.
233 1491 362 1545 arrectae
384 1492 499 1545 mentes
521 1485 743 1565 stupefactaque
765 1484 856 1547 corda

62 1567 194 1628 iliadum.
239 1568 286 1628 hic
307 1586 367 1629 una
390 1587 406 1628 e
429 1569 543 1644 multis,
565 1586 641 1667 quaa
661 1569 786 1631 maxima
807 1580 899 1644 natu,

58 1653 242 1755 Pyrgo,t
199 1661 242 1714 tot
264 1653 373 1714 Priami
397 1664 533 1715 natorum
556 1653 636 1733 regia
660 1654 779 1716 nutrix:
1084 1660 1121 1713 eu

58 1729 132 1799 ‘non
155 1738 249 1799 Beroe
271 1737 368 1811 vohis,
392 1756 453 1799 non
477 1739 548 1801 haee
570 1738 726 1811 Rhoeteia,
749 1747 874 1814 matres,

61 1832 106 1884 est
127 1822 244 1904 Dorycli
266 1822 413 1897 coniun13
437 1823 528 1884 divini
549 1824 633 1921 signa
656 1822 773 1885 decoris

60 1907 251 1988 ardentisque
274 1917 374 1969 notate
397 1908 513 1983 oculos,
537 1909 588 1988 qui
610 1908 731 1989 spiritus
753 1907 812 1983 illi,

60 1994 112 2090 qui
133 1994 228 2056 voltus
249 1992 389 2072 vocisque
410 2012 504 2056 sonus
525 1994 570 2055 vel
592 2012 710 2074 gresstn
731 1993 824 2055 eunti

61 2078 123 2158 ipsa
146 2088 263 2158 egomet
251 2080 394 2140 tdudum
418 2078 532 2140 Beroen
555 2078 685 2159 digressa
707 2078 814 2159 reliqui

60 2182 191 2243 aegram
215 2164 428 2244 indignantem,
451 2163 501 2224 tali
524 2163 603 2243 quod
624 2164 685 2227 sola
707 2171 822 2226 careret

59 2266 184 2310 munere
207 2267 263 2310 nec
286 2248 406 2312 meritos
427 2249 572 2311 Anchisae
594 2248 719 2311 inferret
739 2238 887 2310 honores.

59 2332 131 2394 haec
154 2333 248 2394 ellata.

59 2426 89 2478 at
110 2426 218 2479 matres
240 2416 337 2497 primo
359 2417 501 2498 ancipites
524 2418 676 2496 oculisque
698 2417 845 2497 malignis,

58 2500 212 2582 ambiguae
235 2510 367 2583 spectare
390 2510 467 2563 rates
489 2503 631 2564 miserum
652 2504 732 2565 inter
753 2520 884 2565 amorem

58 2587 224 2666 praesentis
245 2597 339 2648 terrae
361 2586 486 2666 latisque
508 2588 642 2650 vocantia
664 2606 774 2668 regna,

58 2690 126 2732 cum
149 2671 202 2733 dea
224 2692 255 2734 se
278 2671 399 2751 paribus
421 2690 475 2752 per
497 2672 610 2734 caelum
633 2673 752 2735 sustulit
774 2673 826 2735 alis

57 2756 269 2838 ingentemque
291 2759 360 2837 luga
382 2758 476 2820 secuit
497 2757 553 2820 suh
576 2755 706 2819 nubibus
727 2776 838 2821 arcum.

57 2851 121 2904 tum
142 2862 211 2904 vero
234 2843 374 2905 attonitae
396 2843 539 2905 monstris
561 2850 704 2921 actaeque
725 2843 826 2904 lurore

57 2929 246 2990 conclamant
267 2929 446 3008 rapiuntque
468 2928 541 2990 locis
562 2927 764 3007 penetralibus
786 2927 905 3006 ignem,
1089 2939 1129 2990 otu

56 3033 125 3093 pars
147 3014 276 3093 spoliant
297 3032 376 3086 aras,
399 3012 535 3075 frondem
559 3031 593 3074 ac
615 3011 739 3092 virgulta
761 3014 898 3091 facesque

56 3098 219 3159 coniciunt.
263 3098 335 3158 lurit
356 3098 493 3160 immissis
516 3098 663 3160 Volcanus
684 3097 807 3159 habenis

51 3191 186 3243 transtra
207 3200 262 3262 per
284 3191 313 3242 et
336 3200 434 3243 remos
456 3191 486 3243 et
508 3184 601 3263 pictas
622 3182 717 3243 abiete
740 3181 859 3262 puppis.

143 3267 272 3328 Nuntius
293 3266 438 3328 Anchisae
460 3266 497 3327 ad
518 3267 665 3329 tumulum
688 3285 859 3346 cuneosque
880 3265 989 3327 theatri

57 3352 195 3413 incensas
216 3351 330 3432 perfert
352 3351 434 3414 navis
456 3351 610 3426 Eumelus,
634 3360 664 3413 et
685 3352 741 3431 ipsi
1090 3360 1132 3411 etl

56 3437 221 3517 respiciunt
242 3444 335 3497 atram
358 3437 388 3497 in
414 3435 516 3498 nimbo
538 3437 658 3499 volitare
681 3436 816 3498 favillam.

56 3523 170 3603 primus
192 3532 221 3585 et
241 3522 400 3595 Ascanius,
423 3541 529 3584 cursus
550 3532 583 3583 ut
605 3522 698 3584 laetus
720 3521 866 3601 equestris

55 3608 196 3683 ducebat,
219 3608 260 3670 sie
283 3626 350 3669 acer
374 3626 450 3687 eque
474 3607 590 3668 turbata
611 3607 713 3687 petivit

63 3748 257 3755 ---.----

141 3811 188 3862 631
209 3749 359 3926 plaidp
285 3807 321 3859 Rc
344 3808 440 3874 ᾳιιίΜι
521 3810 570 3860 640
589 3804 981 3872 animosaqueRb¹R1bhmci
1000 3806 1054 3859 llll
1073 3810 1130 3861 463.

55 3876 105 3928 649
118 3876 209 3942 queeP
231 3875 260 3944 7¹
272 3874 346 3929 Rrhh
415 3878 465 3929 666
483 3881 543 3927 uiro
562 3874 600 3927 Kl.
616 3875 726 3939 1866,.7
761 3846 1130 3941 ntmtemhinr.1sst,ent.
