2286 4394
527 114 665 167 POETAE.
1072 115 1133 175 803

12 266 246 349 &uteorum
268 286 401 366 exempla
423 295 541 349 secutus
570 296 614 348 est
643 305 698 348 nec
720 286 891 348 Latinorum
915 289 994 350 44141
1017 287 1134 350 Catonis

12 348 266 450 Varronisque
287 373 323 433 de
346 389 378 432 re
399 372 507 433 rustica
529 371 621 433 libros
634 371 766 433 lectitare
789 373 926 450 neglexit.
963 391 1061 435 rerum
1079 393 1133 435 no·

12 440 126 531 fitia
140 465 306 537 comparata
319 475 437 518 carmen
451 456 618 534 elaborarit,
635 475 723 536 quam
736 458 860 518 maxima
871 459 967 538 potuit
982 459 1133 521 industria.

12 530 133 603 hem
155 542 281 603 traditur
302 542 409 603 cotidie
431 543 587 603 meditatus
609 560 696 603 mane
722 543 865 622 plurimos
887 562 988 605 versus
1010 545 1134 606 dictasse

12 614 92 683 hc
118 645 173 708 per
187 636 282 688 totum
298 627 375 687 diem
391 628 576 689 retractando
595 628 630 687 ad
646 627 838 708 paucissimos
852 630 1009 709 redegisse,
1031 639 1065 691 ut
1080 648 1133 690 suo

22 684 128 791 hue
149 712 261 774 diceret
282 730 365 772 more
380 729 466 775 ursae
481 730 598 773 carmen
618 731 649 773 se
665 731 769 792 parere
791 714 918 775 informe
934 724 963 775 et
977 714 1133 776 lambendo

12 770 181 877 ¹{lemum
204 797 356 876 effingere.

51 904 65 943 .·
146 901 172 943 a.
186 875 248 945 714
263 882 333 943 dum
348 881 522 943 Octavianus
537 882 650 961 proelio
663 883 780 944 Actiaco
796 883 889 944 victor
901 883 1024 945 Parthos
1039 894 1132 964 pacat,

46 946 96 1049 Ὺ
117 967 239 1047 Neapoli
263 966 404 1046 Georgica
427 966 554 1028 coniecit
576 966 625 1042 (lV
649 969 709 1030 559
725 974 770 1044 4.),
797 969 930 1030 44414414
952 987 1068 1031 4444444
1092 969 1133 1029 1111

11 1018 44 1151 Ξ
69 1054 72 1059 '
103 1053 334 1132 rquadriduum
357 1051 467 1113 Atellae
488 1052 627 1113 recitavit.
672 1052 825 1113 Horatium
855 1054 878 1114 si
905 1054 1039 1116 audimus
1063 1055 1133 1133 (Sat.

99 1140 149 1213 10,
165 1139 228 1214 44),
600 1135 683 1197 molle
704 1147 786 1218 atquae
807 1139 931 1217 [4441444

11 1226 33 1297 -’,
63 1224 73 1237 ⁴
221 1220 341 1301 Vergilio
364 1223 703 1300 444444419444144144
724 1241 793 1284 rure
818 1221 964 1286 Camenae.

11 1278 66 1373 l*
145 1326 171 1368 a.
185 1309 246 1371 728
263 1325 328 1367 cum
343 1307 373 1369 C.
386 1306 539 1368 Cornelius
553 1305 652 1367 Gallus
666 1315 752 1386 poeta
768 1306 988 1383 Foroiuliensis,
1003 1309 1087 1371 cuius
1102 1309 1132 1370 in

11 1378 47 1435 1·
67 1401 167 1471 quarto
183 1392 259 1454 libro
274 1392 367 1453 amice
389 1393 462 1452 ratio
478 1391 575 1452 habita
590 1402 661 1464 erat,
684 1392 726 1452 ira
748 1393 872 1472 Augusti
894 1402 991 1455 motus
1013 1413 1133 1456 manum

11 1474 119 1585 *ribi
140 1478 296 1548 intulisset,
320 1496 390 1539 num
409 1476 441 1536 V.
465 1477 601 1538 secundis
624 1477 703 1538 curis
726 1479 867 1556 quosdam
889 1478 970 1539 locos
993 1484 1133 1541 retracta·

42 1561 152 1635 ·44411,
182 1582 243 1624 non
267 1562 337 1624 satis
358 1569 488 1637 constat3
517 1561 572 1622 alia
601 1561 716 1639 singula
744 1570 811 1641 post
839 1563 998 1623 editionem
1024 1572 1134 1624 mutata

59 1665 126 1710 esse
148 1646 329 1727 probabilius
351 1656 403 1708 est.

148 1814 292 1878 Carminis
319 1817 355 1876 de
384 1815 471 1877 rebus
497 1815 638 1877 Romanis
665 1816 841 1877 conficiendi
867 1816 1021 1878 consilium
1044 1816 1078 1877 V.
1107 1816 1131 1879 si

10 1900 235 1964 {adulescens
256 1900 364 1962 abiecit
385 1901 429 1982 (Β.
452 1904 486 1975 6,
504 1903 551 1979 3),
574 1900 672 1962 denuo
695 1901 907 1981 4444114725.
944 1920 1041 1981 neque
1063 1921 1131 1963 vero

10 2004 20 2021 ·
56 1984 215 2049 Octaviani
237 1986 294 2047 iam
309 2005 357 2047 res
378 1994 485 2066 gestas,
507 1987 535 2047 id
559 1986 637 2065 quod
658 1986 707 2048 1114
722 1985 837 2048 volebat
858 1988 907 2065 (cf.
924 1986 957 2048 G.
973 1986 1013 2048 lll
1029 1988 1132 2066 Abs),

56 2071 112 2135 aed
137 2089 287 2133 errores
309 2080 345 2132 et
367 2071 466 2133 bella
488 2071 651 2145 Aeneae,
680 2089 696 2131 a
723 2090 782 2151 quo
812 2072 909 2152 gentis
931 2072 1020 2133 lullae
1048 2073 1131 2151 origo

57 2155 130 2218 duci
151 2156 240 2237 paulo
256 2165 324 2217 ante
340 2166 441 2238 coepta
457 2164 520 2217 erat
542 2156 591 2233 (cf.
608 2158 640 2215 A.
657 2156 669 2217 Ι
685 2158 769 2235 288),
792 2157 884 2217 144444
904 2158 979 2237 pede
994 2157 1132 2237 persequi

58 2241 181 2323 placuit.
215 2260 273 2320 quo
289 2242 419 2302 carmine
434 2259 501 2302 cum
516 2240 571 2301 alia
586 2248 649 2301 tum
666 2241 819 2303 Homerica
836 2243 969 2322 exempla
985 2242 1132 2323 Odysseae

58 2335 93 2389 et
113 2326 211 2387 lliadis
232 2327 360 2388 imitatus
383 2337 441 2399 est;
469 2334 623 2405 praeterea
645 2327 775 2406 origines
795 2346 894 2388 rerum
917 2327 1081 2389 ltalicarum
1104 2335 1133 2388 41

57 2410 271 2485 Romanarum,
295 2412 390 2491 quoad
413 2411 518 2491 potuit,
541 2411 693 2490 amplexus
714 2411 855 2473 adhibuit.

148 2495 293 2575 Congesta
315 2497 433 2557 materia
446 2488 587 2556 ‘Aeneida
610 2513 697 2574 prosa
719 2497 801 2575 prius
823 2499 955 2558 oratione
976 2499 1129 2558 formatam

59 2580 262 2660 digestamque
297 2582 327 2643 in
357 2581 411 2641 llll
436 2581 529 2642 libros
562 2582 759 2659 particulatim
789 2600 968 2662 componere
998 2583 1132 2658 instituit,

59 2674 152 2748 prout
173 2665 278 2726 liberet
292 2666 430 2746 quidque,
454 2674 483 2727 41
499 2665 571 2725 nihil
587 2666 618 2726 in
635 2666 768 2727 ordinem
784 2663 952 2746 accipiens'.
987 2667 1131 2745 sequitur,

60 2760 95 2814 ut
117 2750 225 2830 quibus
246 2752 332 2813 annis
355 2751 462 2830 singuli
485 2749 552 2810 libri
576 2751 704 2812 conlecti
726 2751 800 2825 sint,
822 2751 960 2812 historiae
982 2751 1131 2813 Romanae

9 2850 14 2887 ἓ
62 2855 119 2917 ope
146 2855 182 2896 ex
206 2836 240 2897 iis
262 2836 366 2909 rebus,
396 2854 470 2915 quae
500 2836 652 2898 nonnullis
679 2836 751 2897 locis
780 2835 908 2897 breviter
936 2836 1130 2914 attinguntur,

60 2921 159 3000 colligi
189 2941 250 2982 non
273 2921 373 3001 possit.
417 2929 548 2982 ceterum
572 2920 605 2980 V.
625 2913 677 2981 ‘ne
698 2920 768 2998 quid
791 2921 933 3001 impetum
957 2928 1130 2996 moraretur,

61 3007 205 3087 quaedam
226 3007 397 3087 imperfecta
412 3005 583 3079 transmisit,
607 3006 661 3066 4114
677 3005 830 3068 levissimis
846 3007 942 3068 verbis
963 3006 1051 3067 veluti
1073 3005 1131 3066 ful·

60 3093 107 3163 sit,
131 3110 206 3170 quos
228 3110 282 3171 per
304 3092 401 3152 iocum
424 3110 478 3171 pro
500 3089 671 3152 tibicinibus
693 3091 843 3171 interponi
866 3091 963 3153 aiebat
984 3092 1019 3152 ad
1042 3090 1130 3154 susti·

62 3177 194 3238 nendum
217 3195 300 3256 opus,
323 3177 418 3237 donec
440 3175 549 3237 solidae
572 3176 727 3237 columnae
750 3173 946 3238 advenirent’.

18 3266 41 3322 8
146 3261 376 3322 Octavianus
398 3279 465 3322 cum
482 3280 507 3321 a.
525 3262 585 3323 728
602 3260 756 3323 Cantabris
774 3262 1054 3333 1411441414114441,
1078 3279 1132 3341 per

60 3347 172 3409 litteras
194 3347 302 3408 lrustra
324 3346 498 3424 efflagitavit,
521 3355 554 3405 ut
575 3345 630 3407 sibi
660 3342 709 3406 ‘de
732 3347 861 3408 Aeneide
883 3348 928 3408 441
951 3348 1044 3426 prima
1066 3364 1131 3407 car·

60 3432 149 3494 minis
172 3432 361 3513 hypographe
384 3431 428 3491 441
451 3430 601 3510 quodlibet
629 3423 729 3491 colon'
759 3433 934 3493 mitteretur.
977 3440 1078 3511 postea
1101 3432 1130 3493 id

61 3518 239 3596 impetravit,
269 3525 301 3578 ut
328 3525 374 3578 ter
402 3516 510 3596 singuli
537 3514 604 3575 libri
633 3516 844 3589 recitarentur,
873 3518 902 3578 in
932 3517 1040 3596 quibus
1068 3524 1132 3577 erat

61 3612 171 3674 sextus,
194 3621 253 3682 quo
276 3605 312 3678 (v.
330 3604 391 3666 860
407 3603 443 3676 s.)
464 3609 711 3662 commemoratur
725 3601 880 3664 Marcellus
897 3602 1031 3663 Octaviae
1054 3601 1131 3662 lilius

12 3694 39 3747 tt
58 3704 85 3750 a.
103 3688 161 3750 731
179 3695 363 3766 praematura
379 3695 474 3747 morte
489 3686 637 3766 abreptus.
673 3705 740 3748 eum
756 3686 807 3747 ubi
823 3687 931 3749 audivit
945 3706 1012 3748 oum
1028 3704 1130 3749 sorore

60 3772 219 3851 Augustus,
243 3781 328 3851 poeta
351 3790 417 3833 aere
439 3772 520 3850 gravi
543 3778 587 3832 est
608 3772 743 3834 donatus.
