2474 4388
82 198 144 260 258
452 201 480 255 P.
493 202 620 256 VERGILI
637 202 783 256 Minonis

82 375 262 456 compositae
283 375 379 452 leges3
402 374 473 434 mihi
495 374 541 436 ius
563 392 742 435 concurrere
764 376 834 450 soli,

80 480 129 522 me
152 460 238 522 sinite
260 470 348 538 atque
369 461 481 520 auferte
503 469 614 520 metus:
639 476 693 536 ego
716 460 836 522 foedera
858 463 924 522 laxo

81 547 166 606 firma
187 564 294 619 manu,
317 545 452 606 Turnum
475 544 584 607 debent
605 544 676 605 haec
698 545 755 606 iam
778 546 851 607 mihi
873 537 979 608 sacra'

81 632 133 692 has
154 631 234 692 inter
255 649 358 705 voces,
381 629 476 690 media
497 629 575 690 inter
596 629 662 689 talia
685 631 789 705 verba,

82 735 166 790 ecoe,
189 715 252 776 viro
274 714 402 777 stridens
424 715 476 776 alis
497 714 615 793 adlapsa
637 714 741 793 sagitta
763 725 821 789 est,

80 802 240 875 incertum,
264 818 322 879 qua
343 801 428 878 pulsa
449 818 555 873 manu,
578 818 638 878 quo
659 800 780 861 turbine
802 801 919 875 adacta,

81 887 148 966 quis
169 894 279 948 tantam
302 885 418 947 Rutulis
439 885 572 958 laudem,
594 903 720 946 casusne
742 885 869 959 deusne,

81 972 226 1047 attulerit;
248 989 349 1051 pressa
371 979 417 1031 est
437 970 563 1050 insignis
584 970 676 1048 gloria
698 970 766 1032 lacti

82 1077 138 1119 nec
160 1076 222 1119 sese
245 1058 361 1117 Aeneae
383 1055 498 1116 iactavit
517 1054 638 1115 volnere
660 1055 826 1134 quisquam.

166 1142 302 1214 Turnus,
325 1149 358 1202 ut
379 1140 500 1201 Aenean
523 1139 677 1200 cedentem
700 1159 735 1202 ex
757 1141 874 1221 agmine
896 1142 967 1202 vidit

80 1227 275 1306 turbatosque
297 1227 399 1299 duces,
422 1224 520 1286 subita
541 1243 594 1303 spe
615 1224 744 1287 fervidus
766 1227 865 1301 ardet;

81 1313 177 1392 poscit
199 1331 291 1390 equos
313 1319 400 1389 atque
423 1328 504 1370 arma
526 1309 613 1371 simul
635 1309 769 1388 saltuque
791 1311 938 1391 superbus

82 1398 188 1459 emicat
209 1397 240 1457 in
264 1414 384 1456 currum
407 1403 436 1456 et
457 1395 593 1456 manibus
613 1395 734 1456 molitur
755 1396 895 1458 habenas.

80 1482 171 1543 multa
193 1482 288 1542 virum
310 1481 434 1541 volitans
456 1480 504 1541 dat
526 1479 612 1541 fortia
634 1498 760 1559 corpora
782 1480 872 1555 Leto,

81 1567 237 1628 seminecis
259 1566 347 1626 volvit
368 1565 477 1627 multos
499 1574 549 1626 aut
571 1565 688 1645 agmina
710 1584 802 1627 curru

80 1652 206 1731 proterit
228 1660 278 1712 aut
299 1659 397 1731 raptas
418 1650 600 1728 fugientibus
622 1651 731 1730 ingerit
753 1652 860 1713 hastas.

82 1737 175 1816 qualis
196 1737 274 1816 apud
296 1736 384 1814 gelidi
406 1754 474 1798 cum
496 1735 619 1796 flumina
641 1736 777 1798 concitus
798 1737 890 1798 Hebri

81 1822 262 1902 sanguineus
284 1822 398 1883 Mavors
421 1821 515 1901 clipeo
538 1821 656 1882 intonat
677 1829 765 1900 atque
787 1821 913 1884 furentis

80 1908 157 1970 bella
179 1926 300 1968 movens
322 1907 451 1968 immittit
473 1923 581 1985 equos;
603 1905 645 1966 illi
667 1924 797 1984 aequore
818 1915 921 1986 aperto

80 2001 149 2054 ante
171 1993 263 2053 Notos
286 1992 512 2072 Zephyrumque
534 1991 633 2051 volant
655 1991 756 2068 (gemit
778 1993 880 2053 ultima
901 1991 989 2074 pulsu

80 2078 193 2140 Thraca
215 2078 335 2157 pedum)
357 2077 528 2154 circumque
550 2085 630 2137 atrae
652 2075 832 2139 Formidinis
853 2096 905 2139 ora

79 2163 203 2242 Iraeque
224 2162 425 2241 Insidiaeque,
448 2161 495 2222 dei
518 2161 687 2235 comitatus,
709 2171 853 2241 aguntur,
980 2237 983 2244 Ι

80 2249 146 2310 talis
168 2267 260 2328 equos
282 2248 378 2308 alacer
399 2246 495 2308 media
516 2247 596 2308 inter
617 2247 729 2326 proelia
751 2246 872 2309 Turnus

80 2334 220 2395 lumentis
242 2334 349 2395 sudore
371 2333 464 2411 quatit
485 2331 651 2394 miserabile
674 2332 766 2394 caesis

80 2418 215 2480 hostibus
237 2417 396 2479 insultans:
420 2418 531 2497 spargit
553 2418 653 2497 rapida
675 2418 786 2496 ungula
808 2435 892 2479 rores

80 2504 259 2581 sanguineos
281 2503 429 2580 mixtaque
451 2520 540 2563 cruor
563 2503 692 2564 calcatur
713 2501 832 2563 harena.
970 2570 974 2578 ¹
1114 2511 1161 2562 313

80 2589 196 2666 iamque
220 2587 284 2648 neci
309 2587 540 2665 Sthenelumque
563 2587 642 2649 dedit
664 2587 902 2667 Thamyrumque
924 2587 1131 2667 Pholumque,

79 2674 161 2733 huno
184 2690 360 2750 congressus
383 2681 412 2732 et
433 2673 529 2746 hunc,
551 2672 633 2734 illum
656 2673 785 2747 eminus;
808 2674 924 2734 eminus
946 2673 1034 2734 ambo

79 2757 271 2829 Imbrasidas,
296 2756 437 2819 Glaucum
460 2767 547 2836 atque
569 2757 686 2831 Laden,
709 2776 785 2836 quos
806 2756 955 2821 Imbrasus
977 2759 1041 2839 ipse

81 2844 226 2905 nutrierat
248 2842 336 2922 Lycia
357 2841 537 2923 paribusque
559 2851 714 2904 ornaverat
736 2842 839 2916 333313,

79 2930 125 2990 331
147 2929 283 2990 33313333
305 2946 426 2990 manum
447 2927 493 2988 331
515 2945 592 3006 equo
615 2937 802 3007 praevertere
824 2936 936 2990 ventos.
1112 2939 1160 2990 313

164 3014 250 3074 Ρ3313
272 3013 327 3073 alia
350 3014 444 3074 media
466 3012 613 3075 Eumedes
635 3015 665 3074 in
688 3013 800 3093 proelia
821 3015 932 3087 fertur,
983 3068 987 3074 .

79 3099 193 3177 antiqui
214 3098 313 3177 proles
334 3097 413 3158 bello
435 3098 586 3178 praeclara
608 3098 745 3166 Dolonis,

79 3184 200 3245 nomine
222 3201 306 3243 avum
327 3184 474 3259 reserens,
496 3183 595 3243 animo
617 3183 814 3261 manibusque
834 3191 1002 3263 parentem,

80 3268 131 3347 qui
153 3267 317 3347 quondam,
341 3277 435 3329 castra
457 3278 491 3328 ut
512 3268 643 3330 Danaum
665 3267 832 3348 speculator
854 3269 961 3343 adiret,
1070 3324 1073 3328 .

79 3371 168 3414 ausus
189 3352 303 3413 Pelidae
325 3353 454 3433 pretium
477 3352 533 3415 sibi
554 3372 678 3432 poscere
700 3371 823 3427 currus3
1113 3362 1161 3412 tto

79 3438 161 3499 illum
184 3437 309 3518 Tydides
332 3438 387 3499 alio
411 3457 465 3519 pro
487 3437 595 3500 talibus
617 3439 695 3501 ausis

79 3523 186 3585 adlecit
207 3523 302 3602 pretio
326 3542 382 3584 neo
404 3525 488 3603 equis
510 3524 638 3602 adspirat
660 3523 789 3585 Achillis.

79 3609 159 3669 hunc
182 3609 286 3688 procul
308 3616 341 3668 ut
363 3627 466 3689 campo
489 3609 608 3671 Turnus
629 3609 783 3688 prospexit
804 3616 906 3688 aperto

164 3761 211 3811 311
232 3774 340 3810 cumeae
357 3759 452 3810 deusve
469 3757 495 3810 hl
580 3760 630 3812 333
649 3763 705 3823 cut]
723 3764 750 3809 et
766 3757 788 3808 R
805 3756 919 3809 Diomed.
939 3759 999 3821 418,
1017 3758 1059 3809 32.

79 3827 129 3878 331
146 3829 269 3893 increpat
285 3826 340 3898 Pyb
353 3826 424 3880 Serv.
433 3827 508 3880 Ribb.
595 3829 644 3880 335
666 3827 780 3878 Thraeca
797 3825 819 3876 R
857 3825 976 3876 Thraeca
994 3824 1073 3880 Ribb.

79 3894 128 3945 343
147 3895 319 3946 Emdrasidas
336 3894 395 3947 Pltc
433 3894 695 3967 umoraaaPRye½
716 3895 748 3948 31.
766 3895 860 3947 11123.
940 3905 942 3910 '
