2474 4388
459 107 620 162 suumucs
639 106 698 161 trs.
716 107 734 161 l.

78 296 137 358 quos
157 278 237 343 inter
259 280 373 342 medius
393 281 474 343 vonit
494 282 588 342 furor.
632 279 682 342 ille
704 279 867 360 Sychaeum

74 362 167 445 impius
189 374 259 427 ante
282 383 348 427 aras
368 374 456 446 atque
477 366 542 428 auri
565 383 670 427 caecus
691 383 791 426 amore

72 450 135 511 clam
156 450 239 512 ferro
261 451 413 513 incautum
436 460 569 531 superat,
592 469 715 512 securus
736 468 869 512 amorum

70 552 218 614 germanae
225 554 234 612 ;
256 537 426 616 factumque
447 537 497 598 diu
520 536 624 597 celavit
646 544 676 596 et
696 554 813 615 aegram

69 621 148 682 multa
171 621 269 683 malus
289 621 432 683 simulans
453 639 527 683 vana
548 640 601 701 spe
622 621 691 682 lusit
713 630 868 683 amantem.

68 706 123 786 ipsa
145 705 199 768 sed
220 705 252 768 in
274 707 389 768 somnis
410 706 555 768 inhumati
576 707 656 767 venit
677 706 773 786 imago

68 791 213 869 coniugis;
237 809 290 853 ora
311 791 406 853 modis
428 792 565 854 attollens
586 791 692 871 pallida
714 791 796 852 miris

68 875 191 938 crudelis
212 894 280 938 aras
301 876 482 956 traiectaque
502 886 623 957 pectora
645 876 726 938 ferro

68 960 182 1023 nudavit
204 978 385 1041 caecumque
406 962 512 1023 domus
534 962 631 1024 scelus
653 979 740 1022 omne
763 961 877 1022 retexit.

68 1054 122 1108 tom
144 1046 278 1108 celerare
299 1048 397 1126 lugam
421 1047 573 1128 patriaque
596 1047 738 1108 excedere
761 1046 863 1107 suadet

69 1131 263 1211 auxiliumque
284 1132 347 1192 viae
367 1132 474 1194 veteris
495 1132 601 1194 tellure
623 1131 749 1192 recludit

68 1216 233 1289 thesauros,
256 1217 391 1297 ignotum
413 1218 529 1297 argenti
550 1217 670 1297 pondus
691 1225 721 1278 et
740 1216 813 1277 auri.

69 1300 107 1363 his
127 1309 279 1363 commota
300 1304 399 1380 frigam
422 1302 495 1364 nido
517 1303 673 1381 sociosque
695 1301 824 1383 parabat.

71 1387 263 1460 conveniunt,
286 1387 394 1467 quihus
415 1396 466 1448 aut
487 1388 587 1449 odium
610 1387 730 1449 crudele
752 1385 869 1467 tyranni

71 1480 114 1533 aut
133 1479 234 1534 matus
255 1490 324 1535 acer
345 1481 424 1548 erat;
446 1472 544 1547 navis,
567 1490 642 1551 quac
664 1473 741 1534 forte
762 1479 897 1551 paratae,

72 1557 234 1637 compium
255 1566 441 1637 onerantque
462 1576 544 1619 auro.
588 1565 747 1637 portantur
768 1557 844 1617 avari

72 1638 265 1722 Pygmalionis
287 1661 359 1722 opes
381 1642 502 1722 pelago;
525 1643 583 1703 dux
605 1642 715 1703 semina
738 1637 814 1703 lacti.

72 1724 211 1789 hannem
233 1727 331 1802 locos,
351 1726 403 1789 ubi
426 1745 508 1790 nunc
530 1727 662 1807 ingentia
685 1727 783 1788 cernis

72 1812 181 1874 noenia
204 1822 435 1892 surgentemque
458 1831 551 1874 novae
574 1812 760 1892 Karthaginis
782 1829 896 1883 arcem,

74 1890 261 1979 [mercatique
281 1898 394 1972 solum,
417 1898 485 1958 facti
507 1898 544 1980 de
567 1897 688 1958 nomine
710 1897 846 1976 Byrsam,

73 1982 184 2044 taurino
207 1992 353 2062 quantum
374 1993 497 2063 possent
517 1983 701 2044 circumdare
723 1977 819 2062 tergo]
844 2014 883 2024 —

73 2066 117 2127 scd
136 2086 191 2129 vos
212 2069 264 2147 qui
285 2064 427 2130 tandem?
449 2067 557 2147 quihus
579 2080 629 2128 aut
650 2066 770 2128 venistis
793 2066 829 2126 ah
852 2065 911 2126 oris

75 2168 160 2231 quove
182 2153 292 2214 tenetis
313 2143 404 2214 iter‘l'
431 2153 584 2232 quaerenti
606 2152 713 2214 talibus
735 2151 784 2212 illc

74 2237 220 2341 utspipans
242 2238 362 2317 imoque
382 2238 503 2300 trahens
525 2256 541 2298 a
563 2246 684 2317 pectore
705 2254 825 2298 vocem:

162 2321 188 2383 0
211 2323 281 2398 dea,
303 2324 327 2386 si
348 2322 442 2403 prima
465 2332 606 2402 repetens
627 2322 663 2383 ab
686 2321 802 2401 origine
824 2338 944 2401 pergam

74 2414 98 2467 et
117 2416 200 2469 vacet
221 2408 336 2470 annalis
357 2417 529 2470 nostrorum
550 2409 652 2469 audire
675 2408 825 2478 laborum,

72 2492 234 2553 antediem
257 2493 356 2555 clauso
378 2502 537 2575 componet
562 2493 672 2573 Vesper
695 2492 831 2573 Olympo.

72 2594 123 2640 nos
143 2576 232 2639 'l'roia
254 2578 388 2657 antiqua,
411 2579 435 2640 si
457 2590 567 2640 vestras
588 2580 664 2639 forte
687 2595 741 2656 per
762 2576 842 2638 auris

72 2660 173 2724 lhoiae
196 2681 306 2725 nomen
329 2664 378 2739 iit,
400 2664 514 2725 diversa
536 2682 591 2743 per
612 2681 741 2742 aequora
763 2672 862 2722 vectos

11 2636 47 2803 Ἰ
71 2746 143 2809 forta
164 2765 218 2810 sua
239 2747 357 2829 Libycis
378 2757 538 2829 tempestas
560 2748 674 2828 appulit
695 2747 764 2809 oris.

24 2810 41 2901 Ι
71 2850 133 2895 sum
155 2831 223 2914 pius
244 2835 374 2906 Aeneas,
397 2842 497 2913 raptos
520 2833 571 2912 qui
593 2852 629 2894 ex
651 2833 735 2893 hoste
757 2828 873 2910 penatis

70 2918 161 2980 classe
183 2919 257 2981 veho
280 2936 413 2991 mecum,
435 2920 511 2980 lama
534 2937 624 2998 super
646 2918 765 2978 aethera
788 2923 886 2976 notus.

71 3002 179 3065 ltaliam
202 3021 313 3082 quaero
335 3004 459 3084 patriam
482 3012 511 3065 et
533 3022 628 3083 genus
650 3002 686 3062 ab
709 3002 776 3062 love
799 3017 923 3062 summo.

69 3086 113 3151 his
134 3087 220 3150 denis
241 3088 401 3169 Phrygium
424 3089 586 3151 conscendi
609 3088 732 3149 navibus
753 3103 865 3164 aequor

12 3184 15 3197 '
68 3181 161 3235 matre
184 3174 237 3235 dea
258 3183 443 3236 monstrante
466 3174 539 3235 viam
562 3175 627 3235 data
649 3173 705 3233 sata
728 3180 863 3233 secutus:

69 3258 112 3320 rix
135 3267 248 3339 septem
272 3259 429 3321 convulsae
451 3259 539 3321 undis
561 3277 693 3337 euroque
715 3266 886 3336 supersunt.

151 3444 203 3497 348
220 3442 322 3495 maros
338 3440 392 3495 118ι
409 3441 492 3494 Servii
510 3441 566 3496 cod.
584 3441 646 3509 pler.
731 3443 781 3494 354
799 3454 850 3491 non
869 3442 929 3505 post
947 3437 1077 3500 coniugis,
1098 3430 1143 3483 sed

116 3513 224 3563 tmirle
240 3510 299 3566 dist.
319 3509 358 3563 tu.
427 3512 476 3563 365
495 3526 587 3562 omas
605 3509 661 3560 libri
680 3515 780 3576 praeter
798 3506 851 3559 lllc¹
928 3503 1004 3571 36118
1023 3501 1144 3553 damnant

165 3577 201 3633 lle
218 3592 296 3632 ulau
313 3579 370 3633 crit.
388 3579 408 3631 ss
426 3580 467 3642 62,
485 3577 594 3637 Peerlk„
612 3576 687 3629 Ribb,
700 3577 752 3629 alii.
861 3576 911 3627 374
929 3573 1070 3636 componat
1088 3565 1143 3617 1²¹ss

66 3641 176 3715 ‘tllqnol
193 3640 253 3699 snt?
272 3644 338 3700 Pier.
425 3648 473 3699 311
499 3651 559 3698 orta
581 3644 676 3707 furans
699 3644 765 3696 Gaul
790 3645 814 3696 3.
872 3640 1037 3702 frondesco
1056 3634 1143 3688 Gdthl.

69 3717 144 3779 teat,
156 3718 181 3769 5.
250 3716 301 3769 380
316 3718 438 3780 putrium
456 3716 595 3782 praemisso
615 3719 641 3764 et
652 3712 760 3764 llcldtm.
776 3712 849 3773 1885,
863 3712 885 3761 3.
900 3711 1028 3774 patriam,
1042 3709 1078 3754 est
1097 3702 1145 3755 llv.

68 3784 143 3847 1818,
153 3784 213 3838 tta.
282 3785 330 3839 381
344 3786 384 3834 dis
396 3784 471 3834 dania
479 3781 588 3835 lleidtm.
597 3781 636 3834 JJ.
650 3783 723 3845 1881,
733 3782 781 3833 421
793 3780 905 3845 itemque
917 3776 989 3828 saur.
1001 3775 1075 3835 1884,
1087 3774 1145 3826 396.
