2286 4394
456 124 616 179 nunninus
634 126 691 178 uu.
703 126 754 178 Vll.

48 277 110 342 ἢῆ
134 292 192 377 iuga
213 297 292 377 cogit
315 314 408 376 equos
431 297 616 376 clipeumque
638 315 770 375 auroque
792 298 916 360 trilicem

56 348 189 460 l<Ficum
209 381 345 443 induitur
365 383 484 460 fidoque
506 381 669 460 accingitur
692 400 779 455 ense3

60 456 209 546 8¹guoque
229 468 308 528 lerre
331 467 409 528 iuvat
430 467 605 544 sonitusque
627 466 727 528 audire
750 466 896 529 tubarum.

67 544 200 631 quinque
220 553 294 613 adeo
316 570 439 630 maguae
461 552 565 630 positis
587 550 744 613 incudibus
765 551 855 613 urbes

66 620 136 693 ttela
152 645 272 710 novant,
295 636 382 697 Atina
404 645 512 716 potens
534 635 685 714 Tiburque
706 635 883 715 superbum,

68 704 165 781 Ardea
185 721 427 800 Crustumerique
449 730 479 782 et
499 720 662 798 turrigerae
684 722 859 782 Antemnae.

67 794 196 883 tegmina
217 813 281 867 tuta
302 813 407 868 cavant
428 806 557 886 capitum
579 805 762 883 flectuntque
784 806 911 886 salignas

69 889 233 952 umbonum
255 892 358 967 cratis;
381 891 430 952 alii
451 891 585 952 thoracas
605 899 698 951 aenos

63 979 126 1035 Qut
142 975 210 1037 levis
231 994 334 1037 ocreas
356 976 437 1037 lento
459 977 574 1037 ducunt
595 983 734 1053 argento;

67 1061 193 1122 vomeris
213 1061 273 1122 huc
295 1070 325 1121 et
345 1060 427 1122 falcis
448 1060 559 1130 honos,
581 1059 641 1121 huc
664 1060 760 1120 omnis
782 1060 870 1120 aratri

65 1144 157 1205 cessit
176 1163 272 1221 amor;
295 1151 464 1223 recoquunt
484 1145 596 1224 patrios
617 1144 788 1205 fornacibus
810 1163 906 1206 enses.

65 1227 188 1291 classica
210 1229 328 1308 iamque
349 1238 474 1302 sonant,
497 1230 520 1290 it
541 1228 619 1290 bebo
641 1238 752 1304 tessera
773 1229 899 1307 signum.

152 1314 276 1376 Pandite
297 1333 380 1375 nunc
401 1314 559 1387 Helicona,
582 1313 668 1390 deae,
690 1322 855 1391 cantusque
878 1324 1007 1390 movete,

63 1397 121 1476 qui
141 1398 220 1460 bello
242 1399 328 1461 acciti
349 1417 450 1479 reges,
473 1417 548 1478 quae
570 1417 719 1478 quemque
740 1406 857 1460 secutae

63 1483 246 1563 complerint
266 1502 388 1563 campos
410 1485 500 1556 acies,
524 1484 631 1562 quibus
652 1484 723 1544 ltala
745 1484 804 1544 iam
824 1490 888 1545 tum

65 1566 203 1629 floruerit
223 1577 302 1630 terra
324 1568 505 1645 almatius,
528 1568 635 1647 quibus
657 1569 761 1630 arserit
782 1568 886 1642 armis3

67 1661 99 1712 et
119 1653 295 1715 meministis
316 1654 412 1729 euim,
435 1653 531 1727 divae,
554 1661 583 1714 et
605 1670 769 1714 memorare
791 1654 928 1732 potestis,

68 1737 103 1798 ad
126 1757 183 1800 nos
204 1738 252 1799 vix
272 1738 372 1801 tenuis
392 1739 487 1800 lamae
509 1738 672 1817 perlabitur
694 1755 773 1799 aura.

152 1823 269 1885 Primus
289 1822 346 1885 init
367 1823 479 1884 bebum
500 1823 662 1903 Tyrrhenis
684 1841 771 1902 asper
792 1821 828 1882 ab
852 1822 912 1884 oris

67 1915 257 1987 contemptor
278 1908 375 1969 divom
396 1908 558 1969 blezentius
580 1908 756 1987 agminaque
778 1915 879 1968 armat.

67 1991 145 2054 filius
167 1993 237 2054 huic
259 1992 339 2054 iuxta
361 1993 490 2068 Lausus,
513 2010 572 2071 quo
594 1993 746 2074 pulchrior
766 1993 842 2053 ‘alter

68 2095 130 2137 non
153 2077 210 2138 luit
231 2085 354 2157 excepto
376 2077 533 2139 Laurentis
554 2095 679 2156 corpore
698 2077 812 2156 Turni,

68 2160 197 2236 Lausus,
221 2180 331 2240 equum
353 2162 480 2223 domitor
501 2161 722 2240 debellatorque
745 2162 891 2235 ferarum,

67 2247 150 2308 ducit
171 2247 306 2326 Agplbna
329 2247 510 2325 nequiquam
532 2265 567 2307 ex
590 2246 664 2307 urbe
686 2254 804 2308 secutos

67 2331 148 2392 mille
170 2330 249 2392 viros
271 2332 393 2411 dignus,
414 2331 518 2411 patriis
541 2331 591 2410 qui
613 2331 716 2392 laetior
738 2340 815 2392 esset

65 2415 201 2496 imperiis
223 2422 253 2476 et
273 2416 321 2478 cui
342 2423 428 2495 pater
448 2416 526 2477 haud
548 2415 711 2477 Mezentius
733 2424 819 2477 esset.

154 2500 225 2561 Post
245 2500 301 2562 hos
322 2501 470 2578 insignem
491 2501 588 2582 palma
610 2519 664 2581 per
685 2501 819 2580 gramina
841 2517 962 2560 currum

66 2585 256 2664 victoresque
279 2593 408 2647 ostentat
430 2603 523 2664 equos
545 2595 625 2647 satus
648 2585 775 2646 Hercule
797 2585 923 2664 pulchro

67 2669 195 2749 pulcher
215 2670 380 2731 Aventinus
402 2669 556 2750 clipeoque
579 2670 696 2748 insigne
717 2680 875 2749 paternum

66 2761 192 2815 centum
214 2755 319 2833 anguis
343 2755 530 2834 cinctamque
552 2755 628 2833 gerit
649 2754 839 2834 serpentibus
859 2753 996 2833 hydram3

65 2838 154 2900 collis
176 2839 313 2900 Aventini
335 2839 406 2901 silva
429 2858 517 2918 quem
540 2839 621 2901 Rhea
643 2837 781 2901 sacerdos

66 2923 210 2984 furtivum
224 2931 319 3003 ,partu
341 2923 395 2984 sub
418 2923 539 2985 luminis
560 2924 650 2985 edidit
672 2941 753 2997 oras,

67 3009 159 3068 mixta
181 3009 237 3070 deo
259 3008 382 3083 mother,
404 3016 561 3089 postquam
583 3008 741 3071 Laurentia
763 3007 858 3069 victor

66 3092 208 3172 Geryone
229 3093 375 3154 exstincto
397 3093 569 3174 Tirynthius
591 3094 687 3173 attigit
707 3111 774 3154 arva

66 3177 285 3258 Tyrrhenoque
308 3176 397 3239 boves
419 3178 450 3239 in
473 3178 595 3240 llumine
618 3178 686 3239 lavit
707 3178 841 3240 Hiberas.

67 3262 128 3342 pila
149 3279 240 3324 manu
263 3280 424 3341 saevosque
446 3271 556 3342 gerunt
578 3264 608 3324 in
632 3263 709 3324 bella
730 3263 854 3324 dolones

67 3355 99 3408 et
120 3347 208 3408 tereti
228 3355 364 3427 pugnant
385 3365 530 3409 mucrone
551 3366 683 3427 veruque
706 3347 833 3408 Sabello.
896 3367 898 3372 ⁸

66 3431 133 3511 ipse
155 3430 246 3511 pedes
268 3441 407 3510 tegumen
430 3439 576 3511 torquens
597 3433 726 3493 immane
748 3432 844 3492 leonis

156 3581 206 3633 642
224 3583 308 3632 erece‘ti
324 3581 382 3633 libri
400 3585 501 3649 praeter
518 3581 557 3643 bl;
575 3580 650 3633 Ribb.
726 3582 786 3646 post
803 3580 853 3632 663
871 3577 920 3628 lac.
938 3579 998 3628 stat.
1016 3573 1091 3625 Ribb.

66 3649 146 3701 664s.
164 3664 277 3703 manua.
288 3686 294 3702 .
305 3649 425 3701 Sabellae
444 3648 543 3702 Peerllr.
587 3651 637 3701 666
657 3653 763 3713 tergum
782 3651 908 3713 torquens
926 3641 1045 3695 Bentleld
1062 3639 1137 3692 ZGW

69 3718 145 3781 1875,
164 3718 223 3770 666.
277 3721 389 3783 tegimen
414 3722 557 3783 tergusque
575 3715 667 3783 Schap.
716 3715 798 3782 podria
821 3719 948 3779 torquem
971 3714 1141 3775 tegumenque

66 3783 151 3838 Gebb.
169 3783 233 3836 GPr.
252 3785 370 3838 bleseritz
391 3787 464 3849 1879,
483 3789 507 3837 4.
