2286 4394
59 227 103 286 34
428 227 457 282 P.
469 227 595 282 Vthtllll
612 228 759 284 laudula

60 401 246 478 adgnoscunt
266 410 354 478 atque
376 418 427 461 ora
448 420 524 462 sono
546 402 690 463 discordia
711 404 842 482 signant.

59 485 138 546 ilicet
159 485 314 545 obruimur
335 502 460 546 numero
467 504 476 559 ;
498 486 671 566 primusque
693 486 847 551 Coroebus

60 569 178 630 Penelei
201 569 301 630 dextra
323 570 404 631 dirae
425 571 630 650 armipotentis
651 572 686 631 ad
709 590 789 633 aram

58 653 243 734 procumbit3
265 655 342 715 cadit
362 665 393 715 et
413 655 561 735 Rhipeus,
583 657 759 719 iustissimus
781 676 862 721 unus

59 741 109 818 qui
131 740 186 800 luit
207 740 238 800 in
260 739 384 802 Teucris
405 750 435 800 et
455 741 692 803 servantissimus
712 745 801 822 aequi

59 825 115 903 (dis
136 825 221 886 aliter
241 825 363 900 risum);
385 835 513 905 pereunt
534 825 724 906 Hypanisque
747 828 915 909 Dymasque

58 910 167 970 confixi
189 929 205 970 a
227 911 329 983 sociis3
352 929 408 972 nec
429 922 458 971 te
479 920 529 970 tua
550 911 690 990 plurima,
713 912 846 988 Panthu,

57 994 205 1056 labentem
228 996 321 1075 pietas
342 1014 399 1056 nec
421 995 565 1074 Apollinis
587 996 679 1056 infula
700 998 781 1058 texit.

59 1079 137 1141 lliaci
160 1081 276 1142 cineres
297 1090 327 1141 et
347 1081 461 1140 tlamma
483 1090 613 1141 extrema
635 1099 787 1156 meorum,

59 1173 151 1227 testor
173 1167 202 1226 in
226 1183 332 1227 occasu
353 1175 451 1226 vestro
474 1184 530 1226 nec
551 1166 608 1226 tela
631 1185 688 1228 nec
709 1167 784 1229 ullas

59 1251 192 1311 »itavisse
212 1251 305 1323 tices,
328 1249 460 1310 Danaum
483 1260 528 1322 et,
550 1251 575 1311 si
597 1251 653 1312 tata
677 1252 817 1324 tuissent,

59 1343 92 1395 ut
113 1335 247 1395 caderem
270 1334 412 1394 meruisse
434 1352 533 1395 manu.
577 1335 740 1396 divellimur
760 1337 847 1411 inde;

59 1419 172 1499 lpbitus
194 1429 223 1480 et
245 1418 338 1480 Pelias
359 1437 475 1479 mecum
497 1423 636 1498 (quorum
659 1421 773 1500 lpbitus
793 1440 866 1485 aero

59 1505 114 1565 iam
137 1505 268 1582 gravior,
291 1504 385 1565 Pelias
407 1513 437 1565 et
458 1504 579 1565 volnere
600 1505 702 1567 tardum
723 1505 812 1581 Ulixi)

58 1590 196 1670 protinus
217 1589 253 1649 ad
275 1587 360 1650 sedes
381 1588 487 1650 Priami
510 1589 639 1651 clamore
658 1593 764 1652 vocati.

59 1674 107 1735 bic
128 1692 198 1734 rero
220 1674 370 1752 ingentem
393 1691 538 1753 pugnam.
561 1692 615 1736 ceu
638 1688 736 1737 cetera
758 1695 906 1757 nusquam

58 1759 133 1820 beDa
157 1760 271 1833 forent,
294 1759 367 1820 nulli
389 1768 451 1819 tota
472 1771 660 1821 morerentur
681 1761 711 1822 in
734 1761 825 1834 urbe,

59 1845 101 1907 sie
122 1845 244 1905 blartem
265 1845 440 1905 indomitum
463 1843 638 1924 Danaosque
660 1847 695 1906 ad
717 1856 793 1908 tecta
815 1849 932 1911 ruentis

59 1931 209 1992 cernimus
231 1930 443 2008 obsessumque
464 1939 527 1991 acta
549 1929 696 1991 testudine
717 1930 819 1993 limen

59 2017 183 2077 haerent
204 2017 365 2097 parietibus
386 2015 481 2077 scalae
502 2015 654 2095 postisque
674 2016 730 2077 sub
752 2017 833 2096 ipsos

60 2103 198 2164 nituntur
218 2102 358 2182 gradibus
379 2100 550 2181 clipeosque
570 2100 606 2160 ad
628 2100 685 2161 tela
706 2101 834 2164 sinistris

59 2188 184 2266 protecti
207 2187 356 2258 obiciunt,
379 2195 523 2265 prensant
544 2185 656 2265 fastigia
678 2186 796 2247 dextris.

59 2272 240 2333 Dardanidae
262 2281 365 2333 contra
388 2271 479 2331 turris
499 2289 534 2331 ac
555 2281 617 2331 tota
637 2271 793 2332 domorum

59 2357 186 2418 culmina
209 2356 394 2417 conreDunt:
417 2355 531 2426 bisse,
554 2356 672 2433 quando
695 2357 795 2417 ultima
818 2368 963 2433 cernunt,

59 2451 190 2503 extrema
211 2442 268 2501 iam
291 2441 321 2501 in
345 2448 439 2499 morte
462 2450 568 2518 parant
589 2441 748 2502 defendere
770 2441 836 2503 telis

59 2537 233 2605 auratasque
256 2526 367 2597 trabes,
389 2533 521 2584 vetorum
544 2525 649 2586 deeora
671 2526 729 2586 alta
751 2536 923 2605 parentum,

59 2612 230 2681 devolvunt;
253 2610 300 2671 alii
322 2609 432 2672 strictis
452 2610 647 2672 mucronibus
668 2611 741 2672 imas

60 2697 201 2759 obsedere
223 2698 316 2770 tores,
339 2696 391 2757 bas
411 2706 529 2757 servant
549 2697 666 2775 agmine
688 2697 791 2757 denso.

59 2782 213 2845 instaurati
235 2781 324 2843 animi
346 2782 424 2860 regis
445 2799 619 2843 succurrere
641 2781 725 2842 tectis

60 2868 225 2947 auxilioque
248 2867 343 2928 levare
365 2867 442 2929 viros
463 2868 580 2947 vimque
603 2867 709 2927 addere
731 2866 823 2927 victis.

144 2953 248 3014 Limen
271 2961 333 3013 erat
355 2971 519 3032 caecaeque
541 2954 620 3014 tores
641 2962 672 3012 et
692 2951 811 3032 peruius
832 2969 904 3012 usus

60 3050 204 3102 tectorum
227 3039 305 3098 inter
325 3057 357 3099 se
378 3038 503 3110 Priami,
525 3048 685 3118 postesque
707 3037 800 3097 relicti

60 3146 76 3187 a
98 3135 198 3204 tergo,
221 3122 321 3184 infelix
344 3139 401 3201 qua
423 3143 470 3194 se,
492 3123 562 3183 dum
585 3139 675 3200 regna
699 3121 872 3193 manebant,

60 3212 177 3292 saepius
198 3207 403 3269 Andromache
425 3209 502 3269 terre
524 3208 692 3269 incomitata
714 3206 827 3268 solebat

60 3299 95 3359 ad
117 3313 238 3358 soceros
260 3302 290 3354 et
310 3311 363 3354 avo
385 3311 511 3372 puerum
533 3293 706 3373 Astyanacta
729 3290 871 3352 trahebat.

60 3383 149 3446 evado
172 3379 334 3441 adsummi
357 3377 469 3456 fastigia
491 3377 643 3449 culminis,
667 3375 745 3436 unde

60 3470 115 3531 tela
139 3484 228 3528 mauu
251 3464 349 3526 miseri
371 3462 517 3524 iactabant
538 3463 624 3523 inrita
646 3461 763 3522 Teucri.

61 3555 164 3617 turrim
187 3554 215 3614 in
241 3549 394 3631 praecipiti
415 3558 540 3610 stantem
564 3547 744 3626 summisque
766 3545 822 3607 sub
845 3554 922 3607 astra

1089 3555 1137 3607 tot

145 3775 194 3826 433
213 3780 273 3838 post
292 3771 429 3831 Danaum,
449 3783 498 3819 non
519 3774 577 3819 ante
595 3767 653 3819 dist.
672 3764 771 3818 Peerllt.
858 3759 907 3816 4⁴5
933 3769 1025 3816 tutaa
1062 3771 1133 3818 tacto

61 3840 201 3912 tuteque
215 3839 286 3893 Serv.
298 3839 356 3890 bad.
426 3839 476 3890 tls
495 3835 541 3886 illo
560 3834 693 3905 F¹Py¹ta¹
707 3833 779 3885 Ribb.
850 3833 926 3885 tbt'a
945 3836 1018 3885 inter
1035 3851 1064 3885 aa
1076 3873 1083 3888 .
1096 3872 1103 3888 .
1116 3851 1136 3886 o

60 3916 134 3975 tergo
153 3909 236 3961 damn.
256 3907 294 3959 lll.
318 3909 391 3971 1879,
410 3911 433 3960 5.
