2286 4394
551 114 664 210 XII.

11 266 182 362 ιΊἱιιιιιιι,
199 302 229 348 ut
245 312 307 349 suos
325 297 425 360 liberet,
444 296 475 348 ad
493 303 632 350 extremam
651 297 841 350 dimicationem
862 303 1002 364 promptus,
1033 304 1107 351 —li

102 379 165 418 cum
182 379 230 417 uec
242 365 324 416 Latini
340 364 454 417 consiliis
472 380 519 417 nec
535 365 647 416 lacrimis
664 366 834 433 precibusque
847 367 952 418 Amatae
972 368 1055 431 cedat,
1075 371 1107 421 80
1123 384 1138 407 ο

102 432 219 486 Aeneam
236 433 358 500 singulari
376 438 500 498 provocat
517 435 663 498 certamine,
682 433 751 500 quod
769 434 854 486 statim
875 439 983 500 paratur.
1060 438 1139 496 1123

11 488 196 555 borenna
208 500 268 553 dum
285 516 360 568 reges
372 501 470 567 ingenti
483 500 646 553 multitudine
659 501 804 553 circumfusi
817 504 896 554 sacris
909 504 1043 569 institutis,
1061 507 1109 557 ttt
1126 512 1136 517 “

139 568 211 649 quod
227 568 260 621 dc
278 568 382 621 foedere
400 572 563 630 convenerat,
581 577 663 621 ratuni
682 584 712 620 ac
730 568 831 622 firmum
850 570 904 622 fore
922 572 1013 635 iurant,
1056 575 1105 624 215
1123 566 1139 617 8

21 612 160 690 Rutuli
176 636 280 689 lunonis
297 637 369 689 iussu
387 637 419 689 ab
437 636 538 688 Iuturna
557 636 636 688 Turni
656 653 743 690 sorore
761 638 825 690 adeo
843 639 1023 705 sollicitantur,
1059 643 1108 692 256
1124 693 1140 718 ο

27 700 96 755 ut
109 704 242 757 Tolumuii
254 706 370 757 oratione
382 704 552 772 exemploque
569 705 672 757 adducti
692 705 775 758 denno
794 722 883 758 manus
897 714 1039 760 conserant.
1059 712 1108 761 310
1125 745 1140 767 s

1125 789 1140 812 Β

1125 843 1140 867 4

43 864 173 928 Aeneas
191 872 224 925 ad
241 873 365 926 arcendos
380 887 442 925 suos
459 874 515 926 sine
528 874 604 926 armis
616 889 767 940 progressus
780 876 872 940 sagitta
885 876 1041 939 vulneratur,
1060 880 1110 931 323
1125 870 1141 895 ⁹

46 928 176 995 Turnus
192 941 299 995 reducto
317 941 465 994 adversario
483 957 589 1010 magnas
606 942 660 994 edit
678 943 744 994 inter
762 942 887 994 Troianos
905 949 1012 1010 strages.
1059 938 1141 1018 3822

52 1002 172 1064 Aeneas
191 1015 288 1073 matra,
305 1011 350 1063 ubi
369 1024 437 1076 genu
455 1012 543 1062 matris
560 1025 637 1077 opera
657 1014 745 1062 curato
763 1011 789 1061 in
807 1011 888 1061 aciem
906 1013 1021 1074 revertit,
1060 1017 1140 1071 4403

100 1093 185 1131 uuum
204 1079 269 1146 petit
286 1076 412 1141 Turnum,
430 1079 474 1145 qui
491 1084 576 1130 tamen
595 1078 673 1130 ductu
693 1078 787 1130 sororis
805 1076 898 1128 auferri
918 1079 997 1131 solet:
1058 1077 1142 1154 499}

58 1147 199 1216 sequitur,
216 1153 247 1199 nt
263 1146 328 1199 alter
345 1146 451 1199 alterius
469 1147 591 1199 exercitui
610 1145 708 1198 cladem
728 1144 818 1197 alferat
836 1146 1022 1211 gravissimam.
1058 1150 1108 1200 553
1124 1182 1140 1207 0

62 1214 124 1267 turn
144 1214 247 1266 Aeneas
264 1213 347 1267 nudae
365 1229 380 1266 a
396 1214 521 1267 militibus
539 1215 596 1266 urbi
615 1214 681 1265 ferro
699 1215 854 1281 flammaque
873 1213 1012 1277 minitatur,
1059 1209 1141 1268 5923

68 1296 120 1350 qua
140 1297 169 1334 re
187 1282 290 1349 cognita
308 1283 334 1335 in
353 1281 532 1350 desperatione
549 1282 663 1334 omniurn
681 1282 772 1334 Amata
791 1282 929 1348 suspendio
949 1285 1023 1349 perit,
1059 1286 1141 1347 613

102 1350 210 1403 Tamus
226 1350 358 1417 repudiata
377 1365 437 1403 cura
456 1351 550 1402 sororis
568 1366 624 1404 curn
643 1351 730 1403 Aenea
749 1350 869 1415 congredi
888 1352 987 1402 statuit.
1059 1354 1109 1403 696
1125 1385 1141 1439 ε

1118 1482 1141 1510 ιθ

73 1520 216 1573 Commisso
228 1520 366 1572 certamine
377 1517 487 1584 Metisci,
505 1535 557 1586 qno
570 1519 671 1570 Turnus
684 1519 771 1583 utitur,
790 1517 913 1582 frangitur
932 1517 1041 1584 gladius,
1061 1522 1110 1571 745
1124 1514 1141 1572 ἓ

72 1592 174 1641 Aeneae
188 1587 261 1640 hasta
273 1586 396 1640 adversus
408 1585 521 1639 Turnum
535 1589 650 1640 coniecta
668 1585 756 1653 figitur
774 1586 800 1637 in
818 1586 946 1638 radicibus
959 1586 1040 1650 oleae,
1059 1589 1109 1639 773

104 1670 191 1723 neque
210 1670 272 1707 vero
290 1655 363 1708 deest
380 1655 418 1706 illi
436 1655 539 1720 sororis,
557 1656 616 1707 huic
635 1655 723 1706 matris
741 1654 872 1706 auxilium.
1060 1658 1109 1707 790
1124 1698 1140 1725 e.

74 1724 184 1791 denique
202 1723 246 1775 ubi
262 1723 376 1790 luppiter
392 1724 425 1775 ab
442 1723 538 1776 lunone
556 1723 711 1791 impetravit,
728 1726 758 1774 ut
776 1722 845 1774 bello
864 1721 1008 1789 desisteret,
1059 1725 1141 1783 8283

104 1791 239 1861 proprium
250 1791 316 1843 latii
327 1806 421 1844 nomen
438 1806 581 1844 sermonem
599 1806 695 1843 morem
714 1790 844 1858 pollicitus
862 1796 993 1843 servatum
1010 1791 1041 1843 iri
1060 1786 1142 1844 stat

73 1861 264 1927 Iuturnamque,
282 1874 315 1911 ne
332 1859 404 1912 fratri
421 1861 512 1913 adesse
530 1865 655 1926 pergeret,
673 1859 715 1910 avi
735 1862 883 1925 portentosa
903 1858 1033 1923 deterruit,
1060 1862 1141 1917 8862

104 1929 209 1980 Aeneas
229 1927 343 1980 'furuum
361 1928 527 1996 consequitur
545 1933 585 1991 et,
608 1942 762 1994 quamquam
778 1927 910 1993 paulisper
931 1920 1141 2004 deprecatione}

176 1996 233 2048 eius
247 2001 368 2061 moratur,
387 2003 472 2049 tamen
485 1994 609 2048 Pallantis
621 2010 718 2047 memor
730 1994 825 2045 duriter
838 1994 966 2046 interfecti
978 1993 1109 2048 interficit.
1125 2009 1141 2050 ε

159 2301 281 2365 Turnus
301 2313 336 2365 ut
357 2304 499 2365 infractos
520 2304 641 2364 adverso
664 2301 757 2361 Marte
780 2300 900 2361 Latinos

71 2388 217 2451 defecisse
237 2388 331 2461 ridet,
353 2406 406 2450 sua
429 2407 511 2449 nuuc
532 2387 677 2468 promissa
698 2385 829 2465 reposci,

71 2492 105 2536 se
127 2474 239 2551 signari
262 2473 368 2548 oculis,
392 2473 470 2534 ultro
494 2472 685 2552 implacabilis
707 2470 790 2532 ardet

71 2558 239 2639 attollitque
260 2558 386 2621 animos.
431 2559 599 2620 Poenorum
622 2557 716 2637 qualis
737 2558 768 2618 iu
791 2556 868 2616 arvis

71 2644 192 2707 saucius
215 2643 263 2704 ille
283 2643 365 2723 gravi
385 2652 546 2704 venantum
568 2644 688 2704 voluere
710 2650 814 2721 pectus

70 2739 135 2791 turn
157 2727 278 2790 demum
299 2738 398 2790 movet
418 2746 497 2789 arma
519 2728 566 2788 leo
588 2728 754 2807 gaudetque
776 2724 921 2785 comantis

71 2813 229 2875 excutiens
251 2814 366 2874 cervice
388 2821 470 2874 toros
494 2814 644 2892 fixumque
665 2810 789 2871 latronis

71 2898 236 2979 impavidus
257 2898 368 2977 frangit
388 2898 480 2959 telum
503 2906 533 2958 et
553 2897 652 2959 fremit
674 2913 726 2957 ore
748 2901 888 2965 cruento,

70 2983 153 3046 baud
175 3001 263 3045 secus
283 3001 410 3045 accenso
432 2983 529 3061 gliscit
550 2981 687 3044 violentia
710 2980 822 3040 Turno.

70 3076 137 3131 tum
159 3068 203 3131 sic
225 3067 341 3129 adlatur
361 3086 462 3148 regern
484 3075 573 3146 atque
594 3068 633 3128 ita
656 3063 792 3127 turbidus
813 3062 892 3124 infit:

68 3146 166 3216 ‘nulla
186 3170 271 3215 mora
293 3153 323 3214 in
347 3153 468 3226 Turum
491 3152 564 3213 nibil
587 3164 647 3227 est,
670 3149 749 3229 quod
771 3147 849 3208 dicta
871 3152 1032 3206 retractent
