2286 4394
534 117 625 212 ΙΙΙ.

1093 268 1114 304 3

104 314 186 369 Troiani
204 317 285 371 deleta
305 317 386 385 patria
405 317 498 370 servati
516 317 646 369 Antandro
665 317 760 369 abeunt
778 315 933 367 exsulatum:
1012 311 1110 387 -12ξ

74 381 97 434 iu
107 382 195 437 Thracia
207 388 295 438 urbem
307 385 428 450 condunt,
447 384 542 437 crudeli
555 389 637 436 morte
650 383 772 452 Polydori
784 383 885 450 cognita
898 383 1029 445 deserunt3
1048 386 1080 437 68
1095 417 1115 445 a·

74 447 118 507 Itali
132 454 159 505 ab
175 454 292 520 Apolline
311 454 429 506 consulto
447 454 577 520 antiquam
596 453 703 520 patriam
722 456 808 519 petere
826 452 958 514 iubentur;
1033 451 1110 507 120&

72 517 152 574 hetam
168 523 279 574 arbitrati
296 537 354 575 esse
372 521 480 588 patriam
498 527 632 587 occupant,
651 520 697 573 sed
714 536 802 588 parum
821 535 950 588 prospere.
1033 511 1111 593 191}

75 687 244 759 lnStrophades
252 691 351 744 insulas
361 691 438 743 delati
449 690 575 759 Harpyias
585 689 774 757 aggrediuntur,
784 691 897 757 aggressi
908 691 1015 758 lugiunt.
1032 694 1080 744 til
1095 671 1117 760 Ξ

77 755 139 810 laeuo
155 758 184 811 ad
201 760 301 812 Actium
320 759 424 811 condito
443 758 560 812 Buthroti
578 759 713 811 inveniunt
729 757 930 828 Andromachen,
1032 763 1111 820 3553

100 824 175 880 lleleui
192 828 259 894 regis
276 827 414 895 propinqui
431 827 544 895 hospitio
563 843 592 879 ac
611 826 730 878 vaticinio
749 826 907 891 adiuvantur,
1032 825 1117 880 471?

100 896 165 948 unice
182 895 280 948 dimissi
297 899 397 963 praeter
413 901 514 948 montes
532 895 669 947 Ceraunios
687 895 713 946 in
730 893 828 947 ltaliam
846 899 964 962 pergunt.
1033 875 1112 971 520}

1096 1018 1118 1047 m

71 1057 149 1117 ltaliam
166 1081 223 1118 cum
241 1066 327 1118 lausto
345 1066 429 1118 omine
447 1065 515 1116 nacti
534 1063 661 1118 Anchisae
678 1065 749 1117 iussu
768 1071 902 1132 precantur
920 1065 991 1131 deos,
1033 1051 1117 1124 547}

72 1129 135 1185 sinan
146 1132 309 1187 Tarentinum
327 1134 496 1202 praetervecti
514 1148 595 1200 prope
606 1133 714 1185 Aetnam
732 1139 845 1186 montem
857 1134 998 1201 appellunt,
1034 1129 1118 1188 587?

97 1200 131 1252 uhi
147 1202 261 1254 desertus
280 1200 362 1253 Ulixis
379 1203 465 1255 socius
484 1207 570 1253 monet
588 1200 728 1253 cavendum
748 1216 804 1253 esse
821 1199 1016 1268 Polyphemum.
1033 1180 1112 1279 6542

97 1283 160 1334 quem
173 1270 280 1322 simulac
291 1268 410 1322 viderunt
428 1270 683 1337 appropinquantem,
703 1274 797 1322 temere
816 1284 894 1321 naves
910 1270 1015 1321 solvunt
1032 1274 1079 1324 691
1097 1283 1113 1330 ε

72 1330 224 1406 Pachynoque
242 1342 362 1405 superato
379 1337 523 1405 Drepanum
542 1337 656 1401 veniunt,
675 1337 719 1388 uhi
738 1336 862 1389 Anchises
880 1338 993 1390 moritur.
1034 1343 1047 1390 't
1052 1343 1082 1392 15
1097 1333 1112 1390 ἓ

94 1403 144 1458 inde
160 1407 192 1459 ad
208 1405 315 1474 Libyam
334 1421 362 1459 se
381 1406 494 1457 delatum
512 1420 569 1458 esse
587 1405 631 1456 uhi
649 1403 720 1470 dixit,
738 1406 838 1457 Aeneas
856 1405 988 1458 conticuit.
1096 1393 1117 1472 Ξ.

135 1645 293 1724 Postquam
316 1663 364 1706 res
386 1644 471 1706 Asiae
493 1645 660 1723 Priamique
683 1654 814 1706 evertere
837 1655 955 1725 gentem

63 1726 225 1792 immeritam
247 1730 341 1790 visum
362 1730 479 1809 superis
501 1729 665 1808 ceciditque
686 1728 847 1810 superbum

64 1809 135 1876 lium
157 1825 186 1877 et
208 1814 306 1876 omnis
326 1816 417 1876 humo
439 1816 531 1877 fumat
552 1815 701 1893 Neptunia
723 1814 825 1892 Troia,

64 1897 161 1962 diversa
184 1899 284 1961 exsilia
306 1907 335 1961 et
356 1899 488 1961 desertas
510 1918 653 1978 quaerere
674 1908 767 1961 terras

63 1985 180 2064 auguriis
202 1985 318 2062 agimur
339 1985 435 2046 divom
458 1985 640 2063 classemque
662 1983 718 2046 suh
740 1985 802 2064 ipsa

65 2067 203 2131 Antandro
226 2080 256 2130 et
277 2069 419 2150 Phrygiae
441 2070 580 2131 molimur
602 2068 753 2131 montibus
775 2070 841 2131 Idae

64 2151 172 2228 incerti,
196 2174 256 2233 quo
278 2155 334 2215 iata
356 2156 469 2231 ierant,
491 2154 542 2216 ubi
564 2154 668 2216 sistere
690 2153 791 2231 detur,

64 2239 313 2319 contrahimusque
333 2240 421 2301 viros.
464 2241 510 2300 vix
532 2240 627 2320 prima
648 2240 801 2319 inceperat
821 2250 930 2317 aestas,
953 2239 955 2244 ’

68 2331 91 2382 et
106 2333 186 2403 pater
206 2325 350 2387 Anchises
372 2326 442 2386 dare
462 2326 529 2386 latis
550 2324 613 2385 vela
635 2324 771 2399 iubebat,

68 2403 137 2470 litora
158 2427 227 2470 oum
248 2410 360 2490 patriae
382 2410 538 2472 lacrimans
560 2418 723 2490 portusque
745 2410 881 2489 relinquo
1092 2420 1121 2471 10

68 2498 92 2551 ct
107 2512 239 2575 campos,
262 2494 313 2555 uhi
336 2494 424 2556 Troia
445 2496 509 2556 fuit.
553 2497 634 2556 feror
656 2496 739 2557 exsul
760 2496 790 2556 in
813 2497 904 2557 altum

68 2591 121 2639 oum
141 2579 230 2641 sociis
251 2588 381 2658 natoque
403 2580 560 2660 penatibus
581 2589 611 2641 et
631 2582 745 2660 magnis
767 2581 820 2643 dis.

137 2663 229 2725 Terra
250 2665 357 2745 procul
378 2666 466 2727 vastis
488 2666 596 2727 colitur
616 2666 756 2727 hlavortia
779 2666 889 2746 campis

68 2743 194 2823 (lhraces
215 2751 312 2828 arant)
334 2751 395 2811 aeri
417 2753 565 2831 quondam
588 2760 709 2829 regnata
731 2751 883 2832 Lycurgo,

69 2827 210 2914 hospitium
232 2836 385 2915 antiquum
408 2836 512 2898 Troiae
534 2836 666 2916 sociique
688 2845 824 2917 penates,

67 2913 123 2978 dun
143 2921 265 2981 fortuna
286 2921 350 2982 fuit.
394 2922 474 2982 ieron
495 2922 554 2982 huc
577 2931 606 2982 et
627 2921 712 2984 litore
734 2939 824 2982 curro

138 3091 154 3142 4
171 3089 298 3152 desertor]
317 3088 436 3139 dicerem
453 3087 533 3153 Bros,
551 3088 583 3141 ci.
602 3087 642 3140 lll.
662 3089 735 3150 1879,
754 3090 778 3139 l.
