2286 4394
73 207 135 268 250
440 203 469 257 P.
483 203 610 256 VERGlLl
627 202 776 258 nunonis

74 378 169 460 ignavi
192 375 343 439 Aeneadae
367 393 438 450 nec,
462 395 537 456 quae
559 376 716 456 pepigere,
739 389 897 440 recusent:

74 461 259 542 congredior.
303 462 347 521 lor
368 478 467 535 sacra,
489 470 588 541 pater,
611 471 641 522 et
663 462 791 542 concipe
812 463 928 526 foedus.

74 558 123 610 aut
145 548 199 608 hac
221 546 401 608 Dardanium
422 545 524 607 dextra
545 545 600 606 sub
623 545 746 607 Tartara
766 547 897 623 mittam,

73 634 255 695 desertorem
278 631 361 693 usiae
385 630 520 708 (sedeant
540 639 736 711 spectentque
757 631 870 710 Latini)

73 728 103 779 ct
125 717 206 779 solus
228 717 307 777 lerro
329 715 442 778 crimen
465 733 624 777 commune
645 716 794 790 refellam,

74 813 125 864 aut
146 800 253 863 haheat
273 801 382 875 victos,
405 801 488 862 cedat
510 799 630 862 Lavinia
651 792 809 862 coniunx,³

161 888 219 949 Olli
240 887 341 948 sedato
362 885 516 966 respondit
537 885 626 947 corde
648 884 785 947 Latinus:

72 966 105 1033 ‘o
128 981 281 1054 praestans
301 971 392 1033 animi
412 969 542 1045 iuvenis,
565 979 710 1049 quantum
730 970 794 1050 ipse
816 971 911 1032 feroci

75 1059 183 1120 virtute
205 1074 378 1138 exsuperas,
401 1064 484 1118 tanto
506 1073 554 1116 me
576 1055 740 1135 impensius
761 1073 891 1135 aequum
914 1065 959 1118 est

77 1143 233 1204 consulere
255 1152 343 1222 atque
365 1141 462 1203 omnis
483 1149 665 1202 metuentem
687 1141 858 1220 expendere
879 1159 974 1204 casus.

76 1240 146 1289 sunt
168 1227 220 1288 tibi
243 1244 334 1306 regna
357 1226 448 1304 patris
468 1225 582 1301 Dauni,
605 1233 676 1288 sunt
697 1224 805 1305 oppida
827 1237 913 1307 capta

75 1311 166 1372 multa
188 1329 293 1384 mauu,
316 1329 372 1372 nec
395 1329 457 1371 non
479 1329 645 1390 aurumque
666 1310 843 1390 animusque
864 1311 972 1375 Latino
994 1322 1046 1388 est;

75 1404 147 1458 sunt
167 1395 240 1456 aliae
261 1395 403 1474 innuptae
424 1394 509 1457 Latio
532 1405 562 1458 et
582 1395 780 1458 laurentibus
801 1396 878 1459 arvis

76 1498 133 1540 nec
155 1498 250 1558 genus
272 1480 436 1542 indecores.
481 1481 546 1542 sine
567 1499 617 1542 me
640 1481 711 1543 haec
734 1480 812 1541 haud
833 1481 933 1543 mollia
956 1484 1017 1544 latu

75 1564 199 1626 sublatis
221 1563 336 1645 aperire
359 1565 450 1640 dolis,
472 1565 560 1628 simul
580 1567 639 1629 hoc
660 1566 759 1628 animo
780 1565 884 1627 hauri:

75 1669 123 1712 me
146 1659 243 1712 natam
267 1649 340 1711 nulli
362 1660 495 1712 veterum
517 1652 629 1713 sociare
651 1669 812 1731 procorum

76 1737 119 1798 las
141 1745 219 1809 erat,
241 1735 329 1816 idque
352 1755 456 1798 omnes
478 1736 594 1816 divique
616 1737 811 1834 hominesque
834 1737 994 1800 cauebant.

76 1821 170 1883 rictus
192 1839 291 1883 amore
313 1822 370 1897 tui,
395 1830 522 1901 cognato
544 1822 689 1904 sanguine
710 1820 819 1918 victus,

77 1907 212 1986 coniugis
234 1916 263 1967 et
285 1916 413 1969 maestae
435 1907 563 1969 lacrimis
585 1907 681 1969 vincla
704 1905 801 1968 omnia
823 1907 909 2004 rupi:

76 1993 258 2089 promissam
274 1992 370 2072 eripui
392 2010 519 2072 genero,
542 2009 621 2053 arma
644 1991 733 2071 impia
755 1991 876 2071 sumpsi.

77 2095 112 2137 ex
135 2077 185 2138 illo
209 2077 260 2156 qui
282 2096 329 2138 me
352 2096 453 2151 casus,
476 2094 568 2156 quae,
591 2076 707 2152 Turne,
729 2085 895 2155 sequantur

77 2160 169 2237 bella,
191 2162 283 2237 vides,
307 2173 434 2241 quantos
455 2162 569 2243 primus
590 2162 702 2242 patiare
724 2160 849 2223 labores.

76 2246 122 2309 bis
145 2266 249 2327 magna
271 2248 338 2308 victi
360 2267 460 2327 pugna
482 2247 529 2308 vix
550 2247 624 2308 urbe
646 2255 765 2308 tuemur

76 2351 145 2411 spes
166 2333 266 2406 Italas,
289 2332 421 2394 recalent
443 2343 546 2395 nostro
569 2331 720 2413 Thybrina
740 2331 851 2392 fluenta

77 2417 221 2494 sanguine
243 2417 339 2477 adhuc
362 2418 518 2497 campique
541 2419 677 2497 ingentes
700 2416 816 2478 ossibus
838 2416 948 2478 albent.

77 2519 136 2579 quo
158 2502 272 2560 releror
293 2500 425 2562 totiens?
448 2521 524 2580 quae
547 2512 676 2564 mentem
700 2501 814 2563 insania
835 2499 952 2562 mutat?

76 2585 100 2646 si
123 2584 225 2644 Turno
249 2585 393 2647 exstincto
415 2587 512 2649 socios
533 2606 599 2649 sum
621 2587 733 2649 adscire
755 2596 890 2667 paratuS,

77 2688 131 2730 cur
153 2689 215 2731 nou
238 2670 380 2732 incolumi
401 2672 501 2753 potius
524 2673 684 2734 certamina
706 2669 800 2733 tollo‘l

76 2755 146 2834 quid
170 2757 385 2837 consanguinei
408 2758 525 2830 Rutuli,
548 2758 619 2837 quid
642 2767 739 2818 cetera
762 2757 839 2817 dicet

76 2840 173 2916 ltalia,
197 2843 232 2903 ad
255 2852 381 2904 mortem
403 2843 427 2905 si
450 2853 479 2904 te
501 2843 587 2920 (Fors
609 2842 685 2903 dicta
708 2842 844 2918 relutetl)

75 2928 257 3005 prodiderim
280 2938 378 2990 natam
401 2938 429 2989 et
451 2928 578 2990 conubia
600 2937 702 2989 nostra
725 2922 897 3023 petentem?

76 3014 191 3090 respice
214 3031 262 3074 res
283 3013 360 3075 bello
385 3014 491 3087 varias,
514 3013 655 3074 miserere
677 3012 808 3109 parentis

76 3094 226 3195 longaevi,
249 3116 337 3175 quem
359 3115 442 3158 nunc
464 3109 608 3159 maestum
630 3098 723 3177 patria
746 3096 841 3158 Ardea
863 3095 952 3172 longe

76 3170 199 3239 dividit.²
246 3181 473 3260 haudquaquam
495 3183 580 3244 dictis
602 3183 739 3244 violentia
760 3180 856 3242 Turni

75 3262 218 3338 flectitur,
241 3276 398 3343 exsuperat
419 3267 518 3363 magis
532 3268 734 3365 aegrescitque
757 3264 911 3327 medendo

75 3357 110 3408 ut
131 3348 260 3428 primum
283 3350 339 3410 lari
361 3351 473 3431 potuit,
496 3352 539 3414 sic
560 3353 665 3414 institit
688 3371 756 3414 ore:

72 3427 174 3512 ‘quam
197 3453 252 3513 pro
276 3454 322 3496 me
345 3455 448 3498 curam
470 3438 564 3517 geris,
587 3439 664 3499 hanc
686 3455 810 3533 precor,
834 3434 961 3515 optime,
985 3452 1071 3512 proi

75 3519 207 3599 deponas
229 3521 379 3600 letumque
402 3523 481 3584 sinas
503 3543 558 3602 pro
581 3524 665 3585 laude
687 3522 806 3602 pacisci.

76 3613 105 3663 ct
127 3625 182 3665 nos
205 3606 276 3679 tela,
300 3617 398 3686 pater,
422 3609 595 3688 ferrumque
617 3607 695 3669 haud
718 3607 812 3669 debile
836 3606 904 3666 dext
892 3612 937 3666 tra

161 3758 288 3819 magro
306 3757 363 3809 libri
381 3774 418 3825 pr.
431 3756 457 3808 M
510 3759 543 3809 26
559 3759 659 3810 simul.
673 3795 679 3808 .
693 3759 775 3808 dauri
792 3756 875 3808 damn.
896 3753 995 3807 Peerlk.
1014 3760 1040 3807 et
1060 3753 1071 3805 S

75 3818 107 3867 35
123 3820 160 3870 Td
182 3824 275 3873 derina
291 3823 382 3894 y²e²bc
420 3825 542 3876 domna
561 3843 582 3875 π
601 3826 768 3886 charietto,
786 3828 826 3877 26.
844 3823 904 3875 Led.
973 3825 1007 3875 46
1025 3838 1071 3873 aro

75 3901 125 3947 que
173 3889 180 3918 ¹
233 3893 331 3943 tuendo
349 3891 375 3942 M
393 3893 537 3957 (=1730).
625 3897 657 3945 47
675 3897 773 3957 incipit
789 3890 982 3962 My²Gotn1xJ
