2286 4394
488 821 574 922 IV.

25 1002 73 1060 dido
87 1010 115 1062 ah
126 1010 196 1061 Anne
216 1023 301 1061 sorore
321 1023 436 1061 curarum
454 1007 555 1060 conscia
573 1006 605 1059 ad
623 1006 715 1059 honam
734 1023 805 1075 spem
824 1009 933 1061 excitata
951 1037 984 1048 -
997 1012 1064 1063 532

90 1077 124 1130 dis
142 1079 232 1130 trustra
251 1076 392 1143 imploratis
410 1076 509 1129 iurioso
527 1075 627 1143 capitur
644 1075 745 1128 Aeneae
764 1091 857 1129 amore.
998 1067 1065 1153 89?

22 1139 68 1196 iuno
83 1162 134 1199 cum
153 1144 251 1198 Venere
270 1145 301 1197 de
319 1145 430 1197 conubio
448 1144 549 1196 Aeneae
566 1142 722 1210 Didonisque
741 1145 910 1197 communicat
979 1147 1027 1200 128
1044 1181 1059 1205 .

87 1215 153 1266 etad
171 1214 333 1266 renationem
352 1212 481 1280 proiectos
501 1216 678 1279 tempestatem
694 1212 869 1280 subterfugere
885 1213 962 1280 cogit.
982 1211 1059 1282 172}

19 1345 206 1429 Coniunctionem
215 1364 303 1401 eorum
311 1347 404 1429 Iarbas,
417 1347 460 1399 uhi
471 1346 547 1428 dama
558 1347 657 1411 detulit,
670 1348 737 1428 apud
748 1348 832 1400 iorem
846 1350 967 1431 queritur,
980 1352 1065 1447 218Ξ

18 1416 934 1552 stitit*ttittitttt„tttttitttt‘th3‘itiititi
980 1421 1065 1544 333}

44 1551 122 1605 deinde
141 1553 308 1618 vituperando
326 1552 497 1620 minandoque
515 1553 626 1604 animum
645 1552 700 1604 eius
719 1552 833 1618 frangere
852 1560 942 1606 conata
981 1550 1059 1608 392Ε

84 1622 240 1688 pendanum,
252 1636 285 1672 uc
295 1620 376 1674 media
387 1621 470 1673 hieme
479 1619 662 1687 proficiscatur,
674 1621 828 1673 trustraeum
838 1622 966 1683 obsecrat3
980 1626 1030 1677 att
1045 1612 1060 1668 ἓ

293 1688 962 1824 rr⁸

964 1797 970 1813 '
1041 1813 1059 1851 ,ο

43 1771 95 1824 rogo
107 1764 237 1810 exstructo
250 1772 321 1810 sacra

18 1888 98 1945 deneas
110 1892 203 1958 denuo,
222 1898 250 1945 ut
261 1892 369 1959 ingeret,
386 1891 532 1944 admonitus
550 1897 628 1944 noctu
641 1907 720 1944 naves
733 1891 868 1944 conscendi
882 1891 960 1944 iuhet.
980 1896 1029 1946 583
1044 1894 1065 1961 Ξ,

17 1956 170 2014 discedentem
189 1975 263 2013 mane
280 1970 309 2013 ut
327 1959 513 2024 animaduertit,
530 1959 594 2012 Dido
612 1961 676 2013 irata
695 1965 840 2013 exsecratur
858 1959 919 2012 diris
980 1963 1027 2014 631
1043 1966 1065 2030 ξ·

43 2029 183 2096 arbitriaque
202 2030 306 2081 remotis
323 2029 424 2081 Aeneae
443 2027 529 2096 gladio
547 2028 661 2096 periossa
681 2028 706 2079 in
725 2043 787 2096 rogo
805 2028 918 2081 moritur.
1044 2035 1059 2093 ,Β

457 2186 606 2194 .—.—

83 2304 119 2365 ht
140 2304 242 2384 regina
265 2304 345 2383 gravi
366 2303 533 2364 iamdudum
556 2304 653 2365 saucia
676 2321 745 2365 cura

12 2387 102 2450 volnus
123 2390 174 2450 alit
194 2389 277 2450 venis
300 2397 329 2449 et
350 2407 437 2449 cacco
463 2389 593 2467 carpitur
614 2388 685 2467 igni.

12 2468 89 2534 multa
109 2475 162 2536 viri
184 2474 276 2535 virtus
297 2474 395 2535 animo
418 2474 586 2551 multusque
608 2484 738 2535 recursat

11 2560 94 2633 gentis
114 2560 224 2633 honos;
248 2560 373 2620 haerent
393 2559 475 2620 indui
497 2568 618 2638 pectore
639 2559 734 2621 voltus

11 2643 144 2724 verbaque
168 2663 224 2705 nec
246 2645 387 2723 placidam
410 2643 550 2705 memhris
573 2645 622 2704 dat
644 2662 713 2705 cura
736 2644 873 2723 quietem.
1052 2659 1067 2706 5

11 2738 115 2804 postera
137 2729 273 2790 Phoebea
295 2729 438 2790 lustrabat
458 2729 591 2808 lampade
612 2739 707 2790 terras

11 2825 208 2894 umentemque
231 2816 342 2875 Aurora
364 2814 434 2895 polo
457 2813 617 2875 dimoverat
638 2814 786 2884 umbram,

11 2915 66 2982 oum
87 2901 129 2962 sic
152 2900 321 2960 unanimam
342 2899 510 2978 adloquitur
531 2899 606 2960 male
629 2917 699 2960 sana
721 2916 869 2960 sororem:

11 2984 93 3045 'duna
115 3002 217 3057 soror,
241 3003 314 3064 quae
336 3003 384 3045 me
406 3002 579 3063 suspensam
602 2984 747 3045 insomnia
770 2985 897 3045 terrenti

12 3069 65 3144 quis
86 3089 181 3131 novus
203 3070 251 3130 hic
274 3069 382 3131 nostris
404 3069 545 3132 successit
567 3067 685 3131 sedibus
707 3070 829 3149 hospes,
1040 3079 1068 3130 to

12 3168 86 3228 quem
107 3173 173 3216 sese
196 3155 385 3229 crassiana,
409 3173 495 3233 quarn
518 3155 587 3215 iorti
610 3165 730 3234 pectore
753 3164 781 3216 et
802 3154 912 3215 armis!

12 3239 87 3300 credo
109 3240 261 3319 equidem,
284 3259 340 3301 neo
362 3258 435 3301 vana
457 3240 545 3310 fides,
568 3257 663 3317 genus
685 3259 749 3301 esse
771 3241 902 3301 deorum.

13 3319 159 3413 degeneres
182 3325 296 3386 animos
319 3327 408 3386 timor
430 3325 533 3404 arguit.
578 3325 653 3397 lieu,
677 3325 785 3403 quihus
807 3325 854 3385 iile

13 3417 120 3472 iactatus
142 3410 223 3470 iatisi
247 3428 322 3489 quae
344 3409 419 3471 bella
442 3410 580 3472 exhausta
602 3409 740 3471 canebat!

13 3488 32 3548 si
48 3494 114 3555 mihi
136 3514 199 3556 non
222 3495 321 3556 animo
343 3496 432 3556 tixum
455 3495 669 3573 immotumque
691 3495 821 3567 sederet,
1040 3503 1068 3553 ta

16 3579 106 3639 necui
128 3598 176 3640 me
197 3580 295 3641 vinclo
319 3580 420 3641 veliem
443 3580 555 3641 sociare
578 3580 681 3658 iugali,

15 3673 151 3754 postquam
174 3665 289 3746 primus
311 3683 393 3726 amor
415 3667 565 3745 deceptam
589 3675 682 3724 morte
704 3662 819 3737 fefollit,

16 3759 34 3802 tr
51 3767 105 3810 non
128 3760 297 3830 pertaesum
321 3749 438 3812 thalami
460 3751 620 3828 taedaeque
643 3748 761 3822 suisset,

54 3853 165 3910 Vergilius.
903 3849 921 3899 h
