2286 4394
449 115 609 170 acuemus
627 116 685 170 LlB.
702 118 753 173 llll.

7 252 105 343 δὴ
127 285 186 349 iam
210 287 299 349 ltalos
320 287 429 361 hostis,
450 288 522 349 baec
545 288 635 349 altera
656 289 775 351 foedera
797 292 904 371 rumpi.

7 356 196 434 *xenion
216 372 349 453 trepidos
369 373 448 434 inter
468 372 613 435 discordia
635 373 720 436 civis:

7 438 168 519 ¹³¹“liena
191 458 241 519 alii
262 476 396 520 reserare
417 457 524 520 iubent
545 467 574 520 et
595 459 726 539 pandere
747 470 848 541 portas

7 504 239 605 Quamuis
259 543 417 624 ipsumque
438 543 560 605 trabunt
582 544 612 604 in
635 545 753 606 moenia
774 563 889 626 regem;

20 612 144 689 ιιἸιιει
165 629 269 691 lerunt
289 628 337 690 alii
358 638 389 690 et
408 637 540 710 pergunt
560 629 720 691 defendere
741 648 859 706 murce,

8 678 196 801 ,judaeas
216 722 251 775 ut
273 731 340 775 cum
363 712 510 776 latebroso
533 715 563 774 in
586 715 704 793 pumice
726 726 827 797 pastor

9 780 216 880 'wigorn
237 818 307 880 apes
329 801 471 878 fumoque
491 799 621 879 implevit
642 818 760 874 amar03

14 852 134 975 gmm
153 885 235 946 intus
256 885 387 965 trepidae
410 903 510 946 rerum
532 902 587 964 per
609 904 694 946 cerea
716 895 810 948 castra

13 944 240 1031 *hocurrunt
260 970 436 1050 magnisque
457 977 569 1031 acuunt
590 970 766 1033 stridoribus
789 972 862 1045 iras,

36 1044 191 1131 yolum
213 1064 277 1117 ater
299 1056 374 1117 odor
394 1055 494 1130 tectis,
516 1063 579 1116 tum
601 1073 754 1118 murmure
777 1075 865 1118 caeco

40 1134 148 1203 ¹titus
169 1159 239 1202 saxa
259 1149 383 1217 sonant,
404 1158 511 1202 vacuas
532 1140 554 1201 it
575 1140 674 1202 fumus
696 1141 732 1201 ad
754 1159 848 1203 auras.

151 1225 266 1288 Accidit
286 1227 360 1288 haee
380 1226 466 1288 fessis
487 1224 573 1286 etiam
596 1227 714 1287 fortuna
736 1226 862 1301 Latinis,

45 1314 143 1387 quae
164 1319 257 1373 totam
279 1311 361 1373 luctu
383 1310 535 1373 concussit
555 1310 688 1373 lunditus
711 1312 824 1373 urbem.

44 1395 169 1485 {vna
192 1404 225 1457 ut
245 1398 332 1459 tectis
352 1396 521 1458 venientem
542 1397 686 1477 prospicit
706 1398 837 1471 hostem,

51 1481 177 1545 lacessi
198 1499 315 1557 muros,
336 1482 414 1562 ignis
436 1482 471 1543 ad
495 1490 571 1542 tecta
592 1482 703 1554 volare,

51 1576 216 1646 nusquam
237 1567 315 1629 acies
336 1575 441 1629 eontra
464 1565 600 1640 Rutulas,
624 1567 704 1627 nulla
726 1568 843 1646 agmina
865 1567 975 1641 Turni,

54 1644 170 1715 inlelix
191 1670 310 1733 pugnae
331 1652 468 1714 iuvenem
490 1652 521 1713 in
544 1651 704 1712 certamine
727 1652 818 1712 credit

54 1737 246 1801 exstinctum
269 1747 299 1800 et
319 1736 418 1800 subito
440 1745 569 1798 mentem
591 1736 708 1798 turbata
730 1737 832 1797 dolore

59 1840 96 1885 se
120 1840 241 1885 causam
264 1823 370 1884 clamat
391 1822 564 1902 crimenque
586 1832 734 1902 caputque
756 1822 900 1883 malorum

58 1908 219 1988 multaque
240 1926 296 1988 per
316 1916 460 1970 maestum
483 1908 606 1969 demens
628 1908 715 1968 effata
736 1908 867 1968 lurorem

61 2010 236 2075 purpureos
257 1994 400 2055 moritura
421 2012 513 2054 manu
535 1993 672 2054 discindit
694 1993 817 2054 amictus

64 2088 95 2142 et
118 2078 234 2140 nodum
255 2078 391 2141 informis
412 2078 462 2140 leti
484 2078 567 2140 trabe
590 2078 683 2140 nectit
703 2079 740 2139 ab
762 2078 828 2139 alta.

64 2182 157 2245 quam
181 2163 293 2225 cladem
315 2164 439 2226 miserae
461 2175 617 2243 postquam
640 2182 782 2243 accepere
805 2163 939 2238 Latinae,

64 2250 126 2313 lilia
148 2248 246 2329 prima
268 2266 358 2310 manu
379 2250 469 2310 tloros
492 2248 611 2310 Lavinia
633 2250 724 2310 crinis

66 2344 95 2397 et
117 2352 222 2397 roseas
243 2334 350 2395 laniata
370 2353 478 2415 genas,
500 2343 564 2394 tum
586 2342 683 2396 cetera
705 2334 816 2395 circum

66 2419 156 2483 turba
178 2419 266 2492 furit,
289 2428 432 2481 resonant
453 2420 510 2480 late
531 2419 724 2499 plangoribus
746 2420 842 2481 aedes.

65 2504 138 2567 hinc
160 2512 252 2566 totam
276 2505 377 2566 infelix
399 2505 533 2584 volgatur
554 2505 630 2566 lama
653 2524 707 2585 per
730 2505 843 2566 urbem.

65 2590 230 2652 demittunt
249 2598 380 2665 mentes,
403 2590 426 2651 it
447 2591 537 2653 scissa
558 2599 639 2652 veste
661 2590 783 2651 Latinus

66 2675 206 2754 coniugis
226 2675 369 2737 attonitus
390 2676 457 2737 latis
480 2675 621 2754 urbisque
642 2675 729 2734 ruina

66 2760 208 2823 canitiem
229 2760 382 2822 immundo
404 2761 553 2841 perfusam
574 2761 694 2840 pulvere
716 2768 839 2838 turpans

67 2844 217 2927 multoque
237 2863 267 2906 ee
287 2849 414 2918 incusat,
437 2851 489 2927 qui
508 2865 568 2908 noa
589 2848 725 2924 occeperit
746 2853 813 2905 cate

66 2930 255 2994 dordoniam
276 2930 391 2993 Aeaeae
411 2949 600 3011 generumque
622 2930 772 2992 adsciverit
792 2928 880 2990 ultro.

155 3014 273 3077 lnterea
295 3024 426 3078 extremo
450 3015 575 3077 bellator
596 3015 627 3076 in
650 3033 779 3094 aequore
800 3014 921 3075 'lurnus

68 3100 197 3182 palantis
217 3101 353 3179 sequitur
373 3120 485 3182 paucos
507 3102 563 3162 iam
586 3101 706 3180 segnior
728 3109 816 3179 atque

66 3186 129 3248 iam
149 3184 249 3247 minus
271 3194 359 3266 atque
380 3188 480 3249 minus
500 3205 639 3248 successu
661 3186 754 3248 laetus
776 3203 930 3264 equorum.

67 3269 169 3333 attulit
188 3271 270 3333 hunc
292 3272 334 3333 illi
356 3273 450 3334 caecis
471 3273 635 3334 terroribus
658 3291 727 3333 aura

67 3355 264 3418 commixtum
285 3357 443 3419 clamorem
466 3368 655 3437 arrectasque
678 3355 795 3435 impulit
816 3354 894 3416 auris

157 3524 207 3579 582
224 3527 280 3577 iam
297 3530 356 3592 post
373 3527 438 3576 baec
455 3526 549 3592 repetit
566 3523 605 3575 lll²
616 3523 675 3576 Led.
762 3525 810 3576 587
829 3527 860 3573 ut
877 3523 945 3583 eum]
964 3520 1046 3570 aelati
1062 3514 1088 3567 Μ

68 3594 122 3647 too
138 3594 228 3645 onear
243 3592 283 3645 ll¹
327 3594 435 3645 incendi
451 3593 523 3665 ya²c¹
565 3597 668 3644 ineeno'
685 3591 733 3644 Ra¹
820 3593 868 3644 605
886 3592 969 3652 lloroa
987 3585 1084 3638 Prolem
1103 3599 1134 3650 ep

68 3660 144 3715 Serv.
163 3661 198 3729 pl.
237 3663 323 3726 ΙΙαυοε
340 3662 398 3713 libri
484 3665 533 3715 60¹1
553 3663 623 3712 latae
638 3659 714 3713 M¹llc
800 3663 849 3712 609
866 3661 898 3721 it]
916 3663 942 3708 et
958 3653 1058 3708 Peerlk.

67 3732 120 3785 ott
139 3732 234 3797 turpat
250 3730 285 3786 id.
355 3729 431 3799 61213
449 3732 492 3794 (-=
501 3730 534 3782 lll
547 3733 634 3795 llls.)
651 3729 709 3780 libri
727 3744 778 3780 non
794 3728 915 3780 exhibent
937 3725 985 3775 nisi
1003 3722 1074 3786 amp,
1093 3719 1137 3773 del

65 3796 165 3865 Wagn.
183 3813 281 3852 excors.
300 3800 357 3852 850.
444 3800 493 3851 617
512 3801 564 3850 bue
581 3797 717 3864 llamburg.
735 3796 765 3861 1²,
783 3795 866 3848 Madv.
884 3797 925 3847 45.
