2286 4394
74 205 136 266 220
442 204 471 260 P.
486 204 612 259 vertetu
628 203 779 261 mortis

74 398 141 441 cum
164 378 254 458 pedes
276 377 388 438 incedit
409 378 496 439 medii
518 396 573 458 per
593 378 721 439 maxima
742 378 835 440 Nerei

73 475 177 543 stagna
201 463 274 524 viam
296 463 451 537 scindens,
475 481 578 524 umero
600 463 808 544 supereminet
829 465 928 527 undas

74 559 125 609 aut
145 548 268 610 summis
290 549 424 609 reterens
444 566 588 609 annosam
609 547 764 611 montibus
785 568 898 610 ornum

74 633 299 712 ingrediturque
321 633 385 694 solo
408 641 437 694 et
458 641 548 712 caput
569 633 648 695 inter
669 633 772 695 nubila
795 634 918 710 condit,

75 719 140 780 talis
162 737 194 780 se
215 718 304 779 vastis
325 717 416 778 insert
437 717 599 780 Mezentius
619 718 720 781 armis.

161 803 237 865 Huic
259 813 362 865 contra
384 805 499 864 Aeneas
520 802 690 882 speculatus
711 803 743 864 in
766 803 888 882 agmine
911 804 1001 886 longo

76 888 179 950 obvius
201 889 245 949 ire
267 896 359 968 parat.
402 895 503 948 manet
523 887 740 967 imperterritus
762 887 812 949 ille

75 975 190 1036 hostem
215 973 435 1052 magnanimum
458 973 618 1052 opperiens
640 982 670 1034 et
691 973 768 1034 mole
790 991 845 1035 sua
867 982 926 1036 stat

76 1070 165 1139 atque
187 1059 281 1120 oculis
302 1058 428 1137 spatium
451 1076 605 1133 emensus,
628 1066 772 1138 quantum
795 1058 867 1120 satia
887 1059 1003 1122 bastae:

73 1137 188 1205 ‘dextra
212 1143 282 1204 mihi
305 1143 378 1204 deus
398 1152 428 1204 et
449 1143 555 1218 telum,
579 1141 657 1222 quod
679 1142 791 1205 missile
812 1143 906 1220 libro,

78 1248 160 1290 nunc
181 1228 291 1290 adsintl
321 1245 412 1289 voveo
434 1227 594 1307 praedonis
616 1246 743 1308 corpore
763 1228 859 1308 raptis

77 1314 212 1375 indutum
236 1312 337 1392 spoliis
359 1312 456 1392 ipsum
478 1321 524 1388 te,
546 1313 658 1388 Lause,
680 1321 835 1392 tropaeum

78 1388 209 1459 heneae'
234 1398 306 1459 dixit
327 1397 562 1477 stridentemque
584 1397 702 1460 eminus
721 1398 836 1459 hastam

77 1482 155 1544 iecit.
199 1493 228 1543 at
249 1482 297 1543 illa
319 1482 422 1544 volans
444 1481 540 1562 clipeo
562 1490 608 1544 est
629 1501 751 1544 excussa
772 1483 940 1562 proculque

77 1568 229 1646 egregium
252 1570 385 1628 dntoren
409 1567 485 1629 latus
506 1567 586 1628 inter
606 1575 637 1629 et
657 1567 706 1629 ilia
727 1567 807 1647 tigit,

78 1653 214 1714 Herculis
235 1654 368 1714 Antoren
393 1652 545 1727 comitem,
568 1652 620 1733 qui
641 1651 748 1714 missus
769 1651 806 1713 ab
829 1653 917 1732 Argis

78 1739 212 1800 haeserat
233 1737 374 1799 Euandro
396 1744 485 1816 atque
507 1737 577 1798 ltala
599 1737 775 1800 consederat
796 1736 881 1799 urbe.

78 1824 222 1886 sternitur
243 1823 344 1885 infelix
366 1822 463 1883 alieno
485 1822 607 1883 volnere
628 1821 802 1903 caelumque
912 1880 915 1885 .

78 1909 184 1989 aspicit
206 1916 235 1969 et
256 1907 351 1969 duleis
372 1907 505 1969 moriens
525 1906 727 1969 reminiscitur
747 1908 852 1987 Argos.

80 2004 143 2056 tum
167 1994 233 2074 pius
254 1994 368 2054 deneas
390 1993 501 2054 hastam
524 1992 607 2053 iacit:
630 1992 677 2053 illa
699 2008 755 2072 per
777 1991 879 2053 orbem

80 2098 148 2141 aere
170 2097 273 2140 cavum
295 2077 419 2158 triplici,
441 2095 496 2158 per
516 2076 594 2138 linea
616 2085 700 2156 terga
721 2076 877 2157 tribusque

80 2164 187 2226 transit
207 2163 352 2225 intentum
376 2163 467 2224 tauris
490 2181 566 2241 opus
587 2162 704 2241 imaque
725 2161 801 2223 sedit

81 2250 218 2329 inguine,
241 2249 292 2310 sed
314 2249 385 2310 viris
406 2249 482 2309 haud
505 2247 635 2327 pertulit.
680 2247 763 2308 ocius
785 2265 888 2308 ensem

80 2335 195 2395 Aeneas
217 2333 278 2394 viso
301 2332 449 2414 Tyrrheni
471 2333 615 2412 sanguine
636 2331 731 2394 laetus

81 2418 169 2496 eripit
190 2436 205 2477 a
228 2418 338 2478 lemine
361 2427 390 2477 et
411 2418 570 2497 trepidanti
591 2416 720 2479 fervidus
741 2416 840 2478 instat.

82 2503 226 2579 ingemuit
248 2501 308 2562 cari
330 2502 457 2581 graviter
479 2502 621 2581 genitoris
643 2520 759 2576 amore,

83 2597 115 2647 ut
136 2586 222 2661 vidit,
245 2586 358 2648 Lausus
380 2587 577 2666 lacrimaeque
599 2605 653 2667 per
676 2605 727 2647 ora
748 2586 873 2648 volutae.

168 2671 222 2733 llic
243 2672 347 2733 mortis
369 2671 459 2733 durae
482 2690 579 2733 casum
602 2682 713 2750 tuaque
734 2671 846 2750 optima
868 2672 961 2747 iacta,

82 2756 106 2818 si
130 2775 187 2836 qna
209 2757 297 2818 fidem
319 2766 401 2818 tanto
424 2768 469 2819 est
490 2757 572 2836 operi
595 2757 688 2818 latura
709 2764 852 2830 vetustas,

84 2862 144 2905 non
168 2844 304 2922 equidem
327 2862 383 2905 nec
406 2852 448 2917 te,
471 2841 585 2903 iuvenis
607 2842 813 2914 memorande,
836 2840 940 2903 silebo.

168 2929 219 2990 llle
241 2929 347 3008 pedem
370 2930 504 2990 relerens
526 2936 556 2988 et
576 2927 688 2989 inutilis
709 2926 802 3005 inque
824 2925 931 3006 ligatus

84 3012 205 3074 cedebat
228 3014 383 3093 clipeoque
405 3014 557 3074 inimicum
580 3012 684 3074 hastile
706 3009 856 3072 trahebat:

83 3098 231 3176 proripuit
252 3098 366 3159 invenis
387 3117 512 3177 seseque
533 3097 693 3158 immiscuit
712 3096 802 3157 armis

84 3182 199 3260 iamque
220 3181 406 3262 adsurgentis
428 3184 529 3244 dextra
552 3184 726 3263 plagamque
748 3179 871 3242 terentis

83 3268 200 3327 Aeneae
222 3266 311 3327 subiit
333 3284 506 3327 mucronem
530 3267 687 3347 ipsumque
708 3266 854 3327 morando

83 3351 238 3427 sustinuit;
269 3352 340 3413 socii
363 3370 471 3429 magno
494 3353 621 3414 clamore
643 3360 827 3431 sequuntur,

84 3438 153 3498 dum
177 3437 294 3516 genitor
315 3438 375 3499 nati
398 3456 498 3518 parma
522 3448 675 3517 protectus
696 3436 804 3509 abiret,

172 3608 221 3659 769
241 3608 292 3656 boe
310 3605 341 3655 P¹
383 3608 453 3656 bunc
471 3604 559 3656 ΜΡῖει2
639 3604 718 3668 longe
736 3618 770 3666 m,
788 3601 838 3654 del.
856 3600 940 3653 hladv.
959 3604 1001 3655 tt
1040 3603 1066 3654 lo

88 3677 136 3726 773
156 3675 181 3726 d.
198 3677 265 3724 mibi
283 3679 308 3724 et
325 3673 389 3723 deuo
401 3673 500 3726 Peerlk.
554 3672 647 3724 denter
664 3675 703 3722 mi
720 3672 785 3721 deur
798 3669 918 3721 Hiberlin
932 3668 1001 3721 Pan.
1017 3673 1068 3724 188

86 3744 134 3793 lli
154 3745 266 3812 inicity
334 3745 428 3793 stom.
448 3740 531 3811 M¹ya¹
612 3743 661 3793 785
681 3743 796 3791 transiet
814 3736 851 3788 Μ1
888 3741 1002 3788 transiit
1021 3744 1067 3790 cet

86 3808 119 3859 cl.
137 3808 156 3859 ll
174 3813 233 3862 497.
269 3810 390 3859 transilit
406 3810 472 3860 coni.
491 3807 555 3858 Rbb,
575 3807 615 3859 Pr.
634 3810 697 3868 3bl;
717 3808 750 3861 el.
771 3809 828 3859 ert.
915 3809 964 3859 791
987 3809 1067 3872 optim

88 3878 186 3939 optime
203 3875 305 3937 M’Rb¹;
325 3875 357 3926 cl.
377 3876 448 3927 Serv.
539 3877 588 3927 796
602 3880 732 3942 prorupit
751 3874 793 3926 PR
806 3874 881 3928 Ribb.
