2474 4388
422 241 582 296 nunninus
599 241 658 295 llll.
675 241 718 297 lX.

55 416 234 477 conticuere
241 434 250 490 ;
273 416 371 477 locum
392 414 506 476 insidiis
529 415 739 494 conspeximus
761 415 833 495 ipsi,

58 501 111 580 qui
133 510 215 580 patet
237 502 266 562 in
290 500 367 562 bivio
388 508 508 579 portae,
530 517 606 578 quae
627 501 761 579 proxima
784 510 895 580 ponto:

57 586 220 667 interrupti
243 587 342 666 ignes,
365 594 487 664 aterque
509 585 545 645 ad
567 585 663 646 sidera
684 587 784 647 tumus

58 672 194 752 erigitur.
239 673 264 734 si
284 673 405 733 fortuna
427 670 596 749 permittitis
617 671 660 731 uti

61 756 227 837 quaesitum
249 758 369 818 Aenean
392 765 422 817 et
442 755 560 816 moenia
583 755 744 829 Pallantea,

60 861 131 903 mox
153 841 201 903 hic
223 861 290 922 cum
313 841 416 922 spoliis
436 840 552 920 ingenti
574 840 663 901 caede
684 849 803 919 peracta

59 927 163 989 adfore
186 927 323 988 cernatis.
367 944 424 987 nec
445 944 502 987 nos
522 925 568 986 ria
589 925 670 985 fallet
692 925 805 986 euntis:

59 1012 187 1073 vidimus
209 1012 344 1074 obscuris
365 1011 490 1091 primam
513 1010 569 1071 sub
590 1009 714 1071 vallibus
736 1009 842 1070 urbem

59 1106 169 1158 venatu
192 1098 312 1167 adsiduo
335 1104 364 1158 et
385 1105 480 1157 totum
503 1095 695 1175 cognovimus
717 1089 853 1155 amnem!

147 1181 201 1243 llio
223 1183 310 1243 annis
331 1182 425 1260 gravis
443 1189 536 1259 atque
558 1181 648 1241 animi
670 1188 803 1242 maturus
826 1180 936 1242 Aletes:

56 1260 99 1328 ‘di
122 1267 226 1348 patrii,
250 1285 376 1348 quorum
399 1284 517 1346 semper
538 1265 594 1327 sub
616 1266 740 1326 numine
762 1265 850 1326 Troia
872 1277 933 1339 est,

59 1371 122 1413 non
145 1359 242 1414 tamen
265 1352 387 1414 omnino
410 1352 542 1412 Teucros
564 1350 663 1411 delere
685 1350 809 1430 paratis,

58 1456 129 1498 cum
151 1438 217 1499 talis
239 1438 354 1499 animos
375 1437 514 1498 iuuenum
538 1444 649 1497 ettam
671 1444 751 1496 certa
772 1435 879 1497 tulistis

58 1518 199 1603 pectora.²
243 1523 286 1585 sic
308 1541 475 1583 memorans
488 1539 617 1582 umcros
638 1521 814 1599 dextrasque
836 1521 955 1583 tenebat

59 1607 214 1668 amborum
237 1616 267 1668 et
287 1608 397 1669 voltum
419 1606 547 1668 lacrimis
568 1616 656 1684 atquc
679 1624 730 1666 ora
752 1606 874 1684 rigabat.

54 1685 147 1771 ‘quae
168 1692 266 1767 robis,
290 1710 365 1772 quae
387 1692 492 1770 digna,
513 1691 584 1764 viri,
606 1709 662 1770 pro
684 1690 819 1752 laudibus
841 1691 903 1752 istis

59 1777 188 1856 praemia
211 1797 299 1857 posse
321 1795 388 1838 rear
409 1774 505 1839 solvi?
526 1775 725 1856 pulcherrima
749 1776 878 1854 primum

59 1863 88 1923 di
111 1881 270 1942 moresque
292 1862 406 1924 dabunt
426 1862 530 1935 vestri,
553 1870 617 1923 tum
638 1870 737 1921 cetera
759 1859 862 1922 reddet

56 1955 190 2010 actutum
212 1948 279 2027 pius
301 1950 416 2009 Aeneas
436 1954 526 2026 atque
548 1946 665 2025 integer
685 1945 747 2006 aeri

58 2033 219 2106 Ascanius,
242 2033 340 2094 meriti
361 2033 436 2093 tanti
459 2051 518 2092 non
542 2031 697 2091 immemor
718 2023 876 2109 umquam?

53 2111 164 2178 ‘immo
187 2136 330 2196 egenos,
353 2118 399 2179 cui
423 2117 484 2179 sola
507 2116 585 2178 salus
606 2116 741 2195 genitore
762 2107 903 2187 reducto‚'

59 2203 168 2282 excipit
189 2203 333 2265 Ascanius
351 2197 423 2282 ‘per
444 2221 583 2282 magnos,
606 2201 691 2273 Nise,
713 2200 829 2280 penatis

58 2288 252 2368 Assaracique
273 2289 366 2350 larem
388 2296 416 2349 at
437 2305 528 2349 canae
550 2286 713 2367 penetralia
734 2285 838 2347 Vestae

58 2372 206 2448 obtestor,
230 2391 433 2453 quaecumque
455 2372 526 2433 mihi
547 2373 666 2434 fortuna
688 2371 821 2450 fidesque
842 2381 901 2446 est,

58 2457 89 2518 in
111 2459 217 2520 vestris
237 2477 319 2538 pono
340 2458 476 2538 gremiis:
500 2465 635 2518 revocate
656 2464 826 2536 parentem,

58 2542 171 2605 reddite
193 2552 403 2624 conspectum
425 2543 499 2604 nihil
520 2542 571 2603 illo
593 2542 678 2603 triste
699 2551 831 2622 recepto.

58 2627 128 2690 bina
151 2627 227 2689 dabo
249 2637 373 2709 argento
394 2630 526 2708 perlecta
549 2636 638 2706 atque
659 2645 762 2706 aspera
784 2627 877 2707 signis

57 2713 180 2793 poeula,
204 2714 315 2775 devicta
337 2715 456 2794 genitor
478 2731 553 2792 quae
575 2712 654 2791 cepit
676 2711 795 2786 Arisbe,

58 2807 87 2859 ct
108 2798 240 2878 tripodas
261 2800 409 2878 geminos,
432 2800 497 2859 auri
519 2798 577 2859 duo
600 2814 706 2876 magna
728 2797 852 2870 talenta,

57 2892 172 2945 cratera
194 2884 363 2964 antiquum,
387 2902 475 2964 quem
498 2882 548 2943 dat
569 2881 690 2942 Sidonio
712 2880 796 2942 llido.

57 2969 81 3030 si
103 2987 174 3030 vero
196 2987 303 3049 capere
325 2969 436 3031 ltaliam
459 2967 643 3047 sceptrisque
663 2966 753 3046 potiri

56 3054 217 3133 contigerit
237 3055 341 3116 victori
363 3063 393 3116 et
413 3052 540 3135 praedae
561 3052 661 3113 dicere
681 3059 805 3113 sortem:

56 3139 171 3213 vidisti,
193 3157 254 3218 quo
277 3140 397 3201 Turnus
418 3158 512 3219 equo,
535 3136 645 3217 quibus
664 3135 726 3197 ibat
747 3136 778 3198 in
802 3137 890 3197 armis

56 3241 182 3298 aureus3
204 3225 300 3304 ipsum
322 3225 420 3298 illum,
443 3224 572 3304 clipeum
593 3222 755 3301 cristasque
777 3221 913 3284 rubentis

57 3309 202 3389 excipiam
225 3310 311 3383 sorti,
334 3309 392 3371 iam
414 3327 496 3371 nnuc
518 3319 568 3370 tua
590 3308 737 3388 praemia,
761 3308 837 3369 Nise.

55 3403 211 3474 praetcrea
232 3395 278 3456 bis
299 3413 350 3456 sex
372 3396 490 3475 genitor
511 3393 667 3455 lectissima
690 3401 816 3455 matrum

57 3497 184 3560 corpora
205 3480 395 3560 captivosque
416 3480 498 3542 dabit
518 3495 629 3556 suaque
652 3477 791 3539 omnibns
812 3495 907 3551 arma;

55 3565 182 3644 insuper
202 3565 265 3640 his,
287 3566 383 3646 campi
406 3565 486 3645 quod
509 3581 561 3624 rex
582 3561 672 3624 babet
692 3562 756 3642 ipse
778 3562 908 3624 Latinus.

55 3659 85 3711 te
108 3668 196 3725 vero,
217 3668 283 3712 mea
305 3669 393 3730 quern
416 3648 518 3731 spatiis
539 3645 729 3728 propioribus
751 3654 830 3708 actas
1089 3655 1134 3706 tto

142 3800 192 3854 23¹1
206 3803 376 3867 procubuere
394 3798 488 3870 Py¹a²c
574 3798 623 3850 243
642 3795 717 3860 fallit
733 3796 792 3848 libri
810 3801 910 3865 praeter
927 3793 965 3855 lt;
984 3793 1060 3847 Ribb.

55 3867 135 3935 27213
153 3867 236 3921 damu.
256 3867 356 3922 Peerllt.
444 3869 494 3921 274
518 3869 584 3933 quin
608 3881 687 3934 super
706 3865 798 3934 Seliap.
876 3865 928 3927 bis]
944 3866 968 3914 is
985 3861 1011 3913 bl
1031 3862 1132 3916 boehm.

57 3936 131 3990 anr.
150 3937 213 3998 2623
234 3935 267 3992 ol.
286 3935 378 4002 Wogn.
397 3934 446 3989 LV.
466 3937 506 3989 tt.
577 3937 677 4002 campis
695 3933 716 3985 ll
785 3933 865 4000 quod]
883 3947 948 3999 quor
965 3929 1098 4002 ttr²ya¹c²
