2474 4388
579 672 641 769 X.

101 856 217 925 luppiter
234 855 274 910 dis
294 855 442 910 convocatis
459 855 556 910 bellum
573 856 640 909 inter
657 853 782 907 Troianos
800 858 826 906 et
842 853 931 920 italos,
954 855 1147 934 quamquam?

370 923 426 977 fieri
444 929 571 990 vetuerat,
588 928 673 977 tamen
691 924 842 976 suscitatum
860 921 1018 989 indignatum
1037 925 1107 976 -15
1123 935 1145 974 aa

70 991 158 1046 Venus
177 996 203 1045 et
220 992 283 1045 luno
300 991 333 1046 de
350 1007 427 1046 causa
445 992 597 1045 calamitatis
611 991 777 1044 Troianorum
795 991 863 1044 inter
880 1005 908 1043 se
926 990 1047 1044 rixantur.
1075 994 1108 1045 95
1123 999 1145 1046 Ξ·

69 1061 188 1130 aequatis
205 1064 371 1129 utrorumque
389 1061 501 1114 sortibus
519 1059 622 1113 Troiani
640 1060 692 1112 rim
709 1058 860 1112 Rutulorum
879 1059 1015 1112 sustinent.
1060 1048 1140 1122 lib!

67 1213 172 1266 Aeneas
184 1212 287 1266 loedere
300 1229 357 1266 cum
366 1212 500 1266 Tarchone
517 1213 570 1266 icto
582 1212 686 1279 triginta
698 1210 807 1265 navibus
820 1210 924 1264 devehit
942 1211 1039 1265 socios:
1060 1214 1108 1267 ldb
1123 1187 1140 1272 Ξ

172 1281 313 1349 praemisso
331 1282 449 1348 equitatu
466 1281 560 1334 adsunt
575 1280 673 1333 Etrusci
690 1279 796 1346 Ligures
814 1277 957 1342 Mantuani3
1059 1273 1145 1351 tit?

138 1365 153 1402 a
172 1349 294 1418 nymphis
312 1350 416 1403 marinis
434 1349 466 1403 de
484 1349 599 1431 periculo
617 1363 722 1402 suoram
740 1346 831 1400 doctus
844 1347 948 1416 expedit
959 1363 1038 1415 arma,
1059 1351 1108 1402 lib
1123 1377 1145 1409 μ

139 1433 199 1470 cum
211 1432 302 1485 magna
315 1432 419 1471 suorum
430 1417 537 1482 laetitia,
549 1417 662 1470 hostium
674 1416 808 1469 miratione
822 1417 917 1470 milites
930 1417 1044 1484 exponit,
1059 1420 1108 1471 307
1124 1413 1139 1468 ἓ

139 1485 210 1552 quod
228 1485 312 1539 iacere
329 1485 423 1539 frustm
440 1485 585 1552 prohibitus
603 1501 660 1538 cum
679 1483 764 1537 Turno
783 1484 838 1537 acie
856 1483 968 1539 dimicat.
1059 1488 1105 1540 361
1123 1470 1139 1552 Ξ

67 1639 158 1693 Pallas
176 1639 294 1706 quamvis
311 1638 440 1706 equitibus
457 1639 511 1692 suis
529 1652 561 1690 ex
578 1637 637 1703 tuga
657 1638 774 1689 retractis
792 1637 857 1689 bene
875 1652 929 1690 rem
947 1642 1027 1704 gerat,
1059 1609 1145 1699 425}

138 1711 226 1759 tamen
237 1707 326 1775 iniquo
356 1707 436 1760 roelio
448 1721 506 1759 curn
515 1705 602 1759 Turno
615 1719 767 1772 congressus
780 1708 887 1757 mortem
900 1706 1037 1758 occumbit.
1059 1708 1109 1760 509
1123 1703 1140 1756 ὃ

68 1776 96 1829 id
114 1775 160 1828 ubi
178 1777 310 1844 comperit,
351 1790 428 1828 eneas
437 1773 552 1827 Turnum
569 1773 636 1827 ierro
654 1774 720 1841 petit
736 1788 782 1840 per
798 1773 868 1825 acies
881 1772 1040 1837 Rutulorum,
1059 1777 1140 1841 5423

140 1843 186 1896 sed
196 1843 245 1896 hoe
255 1847 354 1895 tantum
366 1842 446 1895 eiflcit
458 1841 588 1908 caedibus,
606 1846 635 1894 nt
648 1847 730 1893 eastra
743 1839 877 1894 obsidione
890 1841 1040 1894 liberentur:
1060 1845 1109 1896 605
1123 1846 1142 1888 ε

68 1911 187 1966 Turnum
203 1915 234 1963 ut
250 1911 364 1978 periculo
382 1912 471 1963 mortis
490 1911 588 1977 eripiat,
606 1910 668 1963 luno
687 1912 815 1976 potestate
833 1909 865 1961 ab
883 1908 943 1962 love
961 1908 1029 1961 iacta
1059 1912 1140 1972 6358

140 1995 208 2032 vana
225 1993 272 2047 spe
283 1979 386 2033 Aeneae
404 1978 510 2033 feriendi
526 1980 551 2030 in
565 1993 655 2030 navem
669 1977 739 2029 elicit
751 1981 777 2029 et
789 1976 893 2029 domum
906 1977 1018 2030 abducit.
1060 1980 1109 2032 688
1124 1975 1143 2066 ξ·

69 2048 216 2102 Mezentius
232 2052 402 2116 posteaquam
420 2062 478 2100 cum
496 2046 609 2100 Etruscis
627 2046 731 2113 ancipiti
750 2045 793 2097 din
811 2044 892 2099 Marte
910 2045 1026 2110 certavit,
1059 2049 1139 2124 754„

106 2118 140 2170 ab
157 2115 243 2168 Aenea
262 2116 417 2178 vulneratur,
435 2116 533 2168 lausus
551 2113 621 2167 filius
638 2119 736 2182 patrem
755 2120 892 2181 protegens
912 2118 1028 2175 necatum
1058 2116 1140 2186 8323

68 2185 104 2238 ad
114 2199 190 2253 mern
200 2183 388 2237 ulsciscendum
398 2198 465 2252 equo
474 2184 519 2237 ille
528 2183 657 2235 concitato
667 2181 734 2236 redit
745 2186 906 2250 mortemque
918 2182 1036 2238 minitans
1046 2183 1109 2236 obit.
1123 2188 1140 2276 Ξ

158 2475 301 2537 Panditur
322 2475 433 2537 interea
456 2475 562 2537 domus
583 2473 796 2553 omnipotentis
819 2473 937 2555 Olympi

69 2561 292 2640 conciliumque
314 2569 399 2623 vocat
419 2560 516 2622 divom
539 2567 733 2640 poteratque
754 2559 908 2621 bominum
930 2579 982 2621 rex

69 2648 217 2710 sideream
239 2647 270 2708 in
292 2647 407 2721 sedem,
429 2654 525 2707 terras
546 2645 625 2706 unde
647 2646 757 2706 arduus
778 2645 876 2706 omnis

70 2741 227 2811 castraque
248 2731 447 2793 Dardanidum
469 2739 599 2811 aspectat
620 2730 807 2810 populosque
829 2729 959 2792 Latinos.

71 2817 236 2880 considunt
255 2816 341 2880 tectis
361 2815 575 2898 bipatentibus,
597 2815 702 2894 incipit
723 2815 802 2893 ipse:
1130 2828 1145 2877 a

68 2897 239 2964 ‘caelicolae
262 2901 376 2982 magni,
399 2902 538 2981 quianam
560 2900 708 2962 sententia
729 2898 813 2959 vobis

70 3005 156 3050 versa
177 2995 258 3048 retro
280 2995 454 3066 tantumque
475 2986 582 3049 animis
603 2985 721 3046 certatis
743 2980 874 3063 iniquis?

71 3071 236 3135 abnuerem
258 3071 335 3134 bello
357 3072 468 3133 ltaliam
490 3088 671 3134 concurrere
693 3069 826 3131 Teucris.

72 3176 150 3238 quae
172 3166 276 3220 contra
297 3158 417 3220 vetitum
441 3153 608 3220 discordia?
637 3155 704 3235 quis
723 3162 820 3217 metus
841 3162 891 3215 aut
912 3154 967 3217 bos

71 3251 124 3305 aut
144 3243 201 3305 hos
222 3260 302 3304 arma
324 3242 408 3322 sequi
429 3243 602 3322 ferrumque
623 3241 767 3303 lacessere
790 3236 902 3302 suasit?
1117 3248 1146 3301 10

72 3327 210 3390 adveniet
231 3328 340 3390 iustum
363 3345 481 3408 pugnae
503 3330 553 3402 (ue
574 3326 725 3404 arcessite)
747 3334 879 3405 tempus,

71 3432 143 3476 cnm
163 3414 225 3475 iera
247 3413 394 3492 Karthago
417 3412 558 3474 Romanis
578 3411 697 3473 arcibus
719 3410 788 3471 olim

71 3498 196 3561 exitium
216 3516 357 3579 magnum
379 3506 468 3577 atque
489 3497 578 3577 Alpes
600 3496 737 3558 immittet
758 3503 889 3574 apertas:

71 3595 138 3646 tum
160 3591 274 3646 certare
296 3583 385 3657 odiis,
407 3592 471 3644 tum
492 3600 541 3645 res
562 3581 694 3661 rapuisse
716 3578 827 3641 licebit.

71 3687 158 3732 nuno
177 3668 265 3732 sinite
287 3679 316 3731 et
337 3668 478 3750 placitum
500 3667 567 3729 laeti
590 3665 759 3746 componite
782 3654 909 3725 foedus’
1118 3666 1147 3719 te

160 3839 178 3889 4
194 3841 297 3904 spectat
308 3834 359 3907 1³¹7
411 3839 425 3888 'l
444 3839 564 3888 certatur
576 3831 706 3900 Menapii
742 3830 801 3885 iude
820 3834 958 3882 tantumne
973 3844 997 3879 a.
1011 3842 1032 3878 c.
1046 3823 1145 3879 Peerllr.
