<?xml version="1.0" encoding="UTF-8"?>
<!DOCTYPE html PUBLIC "-//W3C//DTD XHTML 1.0 Transitional//EN"
    "http://www.w3.org/TR/xhtml1/DTD/xhtml1-transitional.dtd">
<html xmlns="http://www.w3.org/1999/xhtml" xml:lang="en" lang="en">
 <head>
  <title>
</title>
<meta http-equiv="Content-Type" content="text/html;charset=utf-8" />
  <meta name='ocr-system' content='tesseract 3.04.00' />
  <meta name='ocr-capabilities' content='ocr_page ocr_carea ocr_par ocr_line ocrx_word'/>
</head>
<body>
  <div class='ocr_page' id='page_1' title='image "./pvergilimaronis08virggoog/pvergilimaronis08virggoog_0225.png"; bbox 0 0 2286 4394; ppageno 0'>
   <div class='ocr_carea' id='block_1_1' title="bbox 80 188 788 250">
    <p class='ocr_par' dir='ltr' id='par_1_1' title="bbox 80 188 788 250">
     <span class='ocr_line' id='line_1_1' title="bbox 80 188 788 250; baseline -0.003 -2"><span class='ocrx_word' id='word_1_1' title='bbox 80 188 141 250; x_wconf 80' lang='grc'>206</span> <span class='ocrx_word' id='word_1_2' title='bbox 450 189 479 243; x_wconf 89' lang='grc' dir='ltr'>Ρ.</span> <span class='ocrx_word' id='word_1_3' title='bbox 491 188 621 243; x_wconf 78' lang='lat' dir='ltr'>vuudtu</span> <span class='ocrx_word' id='word_1_4' title='bbox 637 188 788 246; x_wconf 75' lang='lat' dir='ltr'>uuuoms</span> 
     </span>
    </p>
   </div>
   <div class='ocr_carea' id='block_1_2' title="bbox 73 361 1085 3684">
    <p class='ocr_par' dir='ltr' id='par_1_2' title="bbox 78 361 840 442">
     <span class='ocr_line' id='line_1_2' title="bbox 78 361 840 442; baseline 0.005 -21"><span class='ocrx_word' id='word_1_5' title='bbox 78 364 169 422; x_wconf 77' lang='lat' dir='ltr'>Arcas</span> <span class='ocrx_word' id='word_1_6' title='bbox 190 379 298 440; x_wconf 89' lang='lat' dir='ltr'>eques;</span> <span class='ocrx_word' id='word_1_7' title='bbox 321 362 430 424; x_wconf 87' lang='lat' dir='ltr'>medias</span> <span class='ocrx_word' id='word_1_8' title='bbox 453 361 509 424; x_wconf 91' lang='lat' dir='ltr'>illis</span> <span class='ocrx_word' id='word_1_9' title='bbox 531 379 685 442; x_wconf 87' lang='lat' dir='ltr'>opponere</span> <span class='ocrx_word' id='word_1_10' title='bbox 707 369 840 439; x_wconf 89' lang='lat' dir='ltr'>turmas,</span> 
     </span>
    </p>

    <p class='ocr_par' dir='ltr' id='par_1_3' title="bbox 78 447 882 527">
     <span class='ocr_line' id='line_1_3' title="bbox 78 447 882 527; baseline 0.005 -20"><span class='ocrx_word' id='word_1_11' title='bbox 78 464 117 507; x_wconf 92' lang='lat' dir='ltr'>ne</span> <span class='ocrx_word' id='word_1_12' title='bbox 138 447 242 508; x_wconf 86' lang='lat' dir='ltr'>castris</span> <span class='ocrx_word' id='word_1_13' title='bbox 264 447 403 527; x_wconf 89' lang='lat' dir='ltr'>iungant,</span> <span class='ocrx_word' id='word_1_14' title='bbox 426 456 507 509; x_wconf 87' lang='lat' dir='ltr'>certa</span> <span class='ocrx_word' id='word_1_15' title='bbox 530 457 574 509; x_wconf 85' lang='lat' dir='ltr'>est</span> <span class='ocrx_word' id='word_1_16' title='bbox 595 448 743 509; x_wconf 85' lang='lat' dir='ltr'>sententia</span> <span class='ocrx_word' id='word_1_17' title='bbox 765 448 882 512; x_wconf 89' lang='lat' dir='ltr'>Turno.</span> 
     </span>
    </p>

    <p class='ocr_par' dir='ltr' id='par_1_4' title="bbox 77 532 831 629">
     <span class='ocr_line' id='line_1_4' title="bbox 77 532 831 629; baseline 0.007 -38"><span class='ocrx_word' id='word_1_18' title='bbox 77 548 166 610; x_wconf 89' lang='lat' dir='ltr'>surge</span> <span class='ocrx_word' id='word_1_19' title='bbox 188 550 242 629; x_wconf 84' lang='lat' dir='ltr'>age</span> <span class='ocrx_word' id='word_1_20' title='bbox 265 542 293 594; x_wconf 92' lang='lat' dir='ltr'>et</span> <span class='ocrx_word' id='word_1_21' title='bbox 314 535 428 594; x_wconf 77' lang='lat' dir='ltr'>Aurora</span> <span class='ocrx_word' id='word_1_22' title='bbox 450 533 548 594; x_wconf 88' lang='lat' dir='ltr'>socios</span> <span class='ocrx_word' id='word_1_23' title='bbox 569 532 707 594; x_wconf 81' lang='lat' dir='ltr'>veniente</span> <span class='ocrx_word' id='word_1_24' title='bbox 727 535 831 596; x_wconf 82' lang='lat' dir='ltr'>vocari</span> 
     </span>
    </p>

    <p class='ocr_par' dir='ltr' id='par_1_5' title="bbox 78 616 1085 785">
     <span class='ocr_line' id='line_1_5' title="bbox 79 616 1085 714; baseline 0.006 -37"><span class='ocrx_word' id='word_1_25' title='bbox 79 616 192 714; x_wconf 82' lang='lat' dir='ltr'>primus</span> <span class='ocrx_word' id='word_1_26' title='bbox 214 617 244 679; x_wconf 92' lang='lat' dir='ltr'>in</span> <span class='ocrx_word' id='word_1_27' title='bbox 267 635 347 679; x_wconf 90' lang='lat' dir='ltr'>arma</span> <span class='ocrx_word' id='word_1_28' title='bbox 369 617 438 679; x_wconf 89' lang='lat' dir='ltr'>iube</span> <span class='ocrx_word' id='word_1_29' title='bbox 461 626 491 678; x_wconf 91' lang='lat' dir='ltr'>et</span> <span class='ocrx_word' id='word_1_30' title='bbox 512 617 642 697; x_wconf 90' lang='lat' dir='ltr'>clipeum</span> <span class='ocrx_word' id='word_1_31' title='bbox 663 636 755 697; x_wconf 87' lang='lat' dir='ltr'>cape,</span> <span class='ocrx_word' id='word_1_32' title='bbox 779 637 870 698; x_wconf 89' lang='lat' dir='ltr'>quem</span> <span class='ocrx_word' id='word_1_33' title='bbox 893 620 1000 683; x_wconf 84' lang='lat' dir='ltr'>dedit</span> <span class='ocrx_word' id='word_1_34' title='bbox 992 630 1085 703; x_wconf 72' lang='lat' dir='ltr'>ipse?</span> 
     </span>
     <span class='ocr_line' id='line_1_6' title="bbox 78 701 843 800; baseline 0.005 -38"><span class='ocrx_word' id='word_1_35' title='bbox 78 701 219 763; x_wconf 87' lang='lat' dir='ltr'>invictum</span> <span class='ocrx_word' id='word_1_36' title='bbox 242 702 424 800; x_wconf 70' lang='lat' dir='ltr'><strong>ignipotens</strong></span> <span class='ocrx_word' id='word_1_37' title='bbox 435 711 523 782; x_wconf 89' lang='lat' dir='ltr'>atque</span> <span class='ocrx_word' id='word_1_38' title='bbox 544 721 612 766; x_wconf 91' lang='lat' dir='ltr'>oras</span> <span class='ocrx_word' id='word_1_39' title='bbox 633 702 737 765; x_wconf 89' lang='lat' dir='ltr'>ambiit</span> <span class='ocrx_word' id='word_1_40' title='bbox 758 721 843 766; x_wconf 88' lang='lat' dir='ltr'>auro.</span> 
     </span>
    </p>

    <p class='ocr_par' dir='ltr' id='par_1_6' title="bbox 78 787 877 892">
     <span class='ocr_line' id='line_1_7' title="bbox 78 787 877 892; baseline 0.006 -44"><span class='ocrx_word' id='word_1_41' title='bbox 78 788 206 849; x_wconf 87' lang='lat' dir='ltr'>crastina</span> <span class='ocrx_word' id='word_1_42' title='bbox 227 787 293 862; x_wconf 82' lang='lat' dir='ltr'>lux,</span> <span class='ocrx_word' id='word_1_43' title='bbox 315 807 380 850; x_wconf 89' lang='lat' dir='ltr'>mea</span> <span class='ocrx_word' id='word_1_44' title='bbox 402 789 426 850; x_wconf 91' lang='lat' dir='ltr'>si</span> <span class='ocrx_word' id='word_1_45' title='bbox 449 807 510 849; x_wconf 93' lang='lat' dir='ltr'>noo</span> <span class='ocrx_word' id='word_1_46' title='bbox 534 788 622 849; x_wconf 83' lang='lat' dir='ltr'>inrita</span> <span class='ocrx_word' id='word_1_47' title='bbox 645 787 721 850; x_wconf 86' lang='lat' dir='ltr'>dicta</span> <span class='ocrx_word' id='word_1_48' title='bbox 745 791 877 892; x_wconf 87' lang='lat' dir='ltr'>putaris,</span> 
     </span>
    </p>

    <p class='ocr_par' dir='ltr' id='par_1_7' title="bbox 78 866 809 954">
     <span class='ocr_line' id='line_1_8' title="bbox 78 866 809 954; baseline 0.003 -19"><span class='ocrx_word' id='word_1_49' title='bbox 78 873 208 954; x_wconf 90' lang='lat' dir='ltr'>ingentis</span> <span class='ocrx_word' id='word_1_50' title='bbox 230 873 355 936; x_wconf 83' lang='lat' dir='ltr'>Rutulae</span> <span class='ocrx_word' id='word_1_51' title='bbox 377 872 522 954; x_wconf 74' lang='lat' dir='ltr'>spectabit</span> <span class='ocrx_word' id='word_1_52' title='bbox 543 873 641 935; x_wconf 89' lang='lat' dir='ltr'>caedis</span> <span class='ocrx_word' id='word_1_53' title='bbox 662 866 809 937; x_wconf 60' lang='lat' dir='ltr'>acervos?</span> 
     </span>
    </p>

    <p class='ocr_par' dir='ltr' id='par_1_8' title="bbox 77 958 967 2149">
     <span class='ocr_line' id='line_1_9' title="bbox 164 958 882 1038; baseline 0.003 -18"><span class='ocrx_word' id='word_1_54' title='bbox 164 959 282 1020; x_wconf 82' lang='lat' dir='ltr'>Dixerat</span> <span class='ocrx_word' id='word_1_55' title='bbox 303 967 333 1021; x_wconf 88' lang='lat' dir='ltr'>et</span> <span class='ocrx_word' id='word_1_56' title='bbox 354 960 455 1020; x_wconf 83' lang='lat' dir='ltr'>dextra</span> <span class='ocrx_word' id='word_1_57' title='bbox 477 958 633 1021; x_wconf 83' lang='lat' dir='ltr'>discedens</span> <span class='ocrx_word' id='word_1_58' title='bbox 654 958 773 1038; x_wconf 89' lang='lat' dir='ltr'>impulit</span> <span class='ocrx_word' id='word_1_59' title='bbox 793 959 882 1022; x_wconf 85' lang='lat' dir='ltr'>altam</span> 
     </span>
     <span class='ocr_line' id='line_1_10' title="bbox 79 1043 913 1124; baseline 0.005 -19"><span class='ocrx_word' id='word_1_60' title='bbox 79 1044 186 1106; x_wconf 95' lang='lat' dir='ltr'>haud</span> <span class='ocrx_word' id='word_1_61' title='bbox 179 1062 280 1124; x_wconf 82' lang='lat' dir='ltr'>ignara</span> <span class='ocrx_word' id='word_1_62' title='bbox 302 1044 382 1106; x_wconf 94' lang='lat' dir='ltr'>modi</span> <span class='ocrx_word' id='word_1_63' title='bbox 404 1044 544 1124; x_wconf 84' lang='lat' dir='ltr'>puppim:</span> <span class='ocrx_word' id='word_1_64' title='bbox 574 1044 648 1124; x_wconf 83' lang='lat' dir='ltr'>fugit</span> <span class='ocrx_word' id='word_1_65' title='bbox 670 1043 719 1104; x_wconf 86' lang='lat' dir='ltr'>illa</span> <span class='ocrx_word' id='word_1_66' title='bbox 741 1062 795 1124; x_wconf 86' lang='lat' dir='ltr'>per</span> <span class='ocrx_word' id='word_1_67' title='bbox 818 1046 913 1109; x_wconf 88' lang='lat' dir='ltr'>undas</span> 
     </span>
     <span class='ocr_line' id='line_1_11' title="bbox 79 1129 817 1208; baseline 0 -18"><span class='ocrx_word' id='word_1_68' title='bbox 79 1131 162 1191; x_wconf 92' lang='lat' dir='ltr'>ocior</span> <span class='ocrx_word' id='word_1_69' title='bbox 184 1138 214 1190; x_wconf 89' lang='lat' dir='ltr'>et</span> <span class='ocrx_word' id='word_1_70' title='bbox 234 1129 330 1191; x_wconf 92' lang='lat' dir='ltr'>iaculo</span> <span class='ocrx_word' id='word_1_71' title='bbox 352 1138 381 1192; x_wconf 90' lang='lat' dir='ltr'>et</span> <span class='ocrx_word' id='word_1_72' title='bbox 403 1140 507 1191; x_wconf 89' lang='lat' dir='ltr'>ventos</span> <span class='ocrx_word' id='word_1_73' title='bbox 528 1136 673 1208; x_wconf 88' lang='lat' dir='ltr'>aequante</span> <span class='ocrx_word' id='word_1_74' title='bbox 694 1129 801 1207; x_wconf 89' lang='lat' dir='ltr'>sagitta</span> <span class='ocrx_word' id='word_1_75' title='bbox 808 1147 817 1205; x_wconf 91' lang='lat'>;</span> 
     </span>
     <span class='ocr_line' id='line_1_12' title="bbox 79 1213 896 1296; baseline 0.005 -22"><span class='ocrx_word' id='word_1_76' title='bbox 79 1215 148 1275; x_wconf 91' lang='lat' dir='ltr'>inde</span> <span class='ocrx_word' id='word_1_77' title='bbox 170 1215 242 1275; x_wconf 89' lang='lat' dir='ltr'>aliae</span> <span class='ocrx_word' id='word_1_78' title='bbox 264 1215 396 1276; x_wconf 76' lang='lat' dir='ltr'>celerant</span> <span class='ocrx_word' id='word_1_79' title='bbox 417 1233 531 1276; x_wconf 91' lang='lat' dir='ltr'>cursus.</span> <span class='ocrx_word' id='word_1_80' title='bbox 575 1221 675 1294; x_wconf 90' lang='lat' dir='ltr'>stupet</span> <span class='ocrx_word' id='word_1_81' title='bbox 694 1213 807 1277; x_wconf 90' lang='lat' dir='ltr'>inscius</span> <span class='ocrx_word' id='word_1_82' title='bbox 829 1215 896 1296; x_wconf 90' lang='lat' dir='ltr'>ipse</span> 
     </span>
     <span class='ocr_line' id='line_1_13' title="bbox 78 1298 869 1375; baseline 0.004 -16"><span class='ocrx_word' id='word_1_83' title='bbox 78 1299 154 1359; x_wconf 85' lang='lat' dir='ltr'>Tros</span> <span class='ocrx_word' id='word_1_84' title='bbox 175 1300 380 1375; x_wconf 79' lang='lat' dir='ltr'>Anchisiades,</span> <span class='ocrx_word' id='word_1_85' title='bbox 403 1300 517 1361; x_wconf 89' lang='lat' dir='ltr'>animos</span> <span class='ocrx_word' id='word_1_86' title='bbox 538 1307 637 1361; x_wconf 86' lang='lat' dir='ltr'>tamen</span> <span class='ocrx_word' id='word_1_87' title='bbox 660 1298 760 1360; x_wconf 92' lang='lat' dir='ltr'>omine</span> <span class='ocrx_word' id='word_1_88' title='bbox 781 1300 869 1362; x_wconf 87' lang='lat' dir='ltr'>toDit</span> 
     </span>
     <span class='ocr_line' id='line_1_14' title="bbox 77 1383 926 1464; baseline 0.006 -21"><span class='ocrx_word' id='word_1_89' title='bbox 77 1393 140 1443; x_wconf 91' lang='lat' dir='ltr'>tum</span> <span class='ocrx_word' id='word_1_90' title='bbox 163 1383 290 1444; x_wconf 84' lang='lat' dir='ltr'>breviter</span> <span class='ocrx_word' id='word_1_91' title='bbox 311 1401 419 1464; x_wconf 89' lang='lat' dir='ltr'>supera</span> <span class='ocrx_word' id='word_1_92' title='bbox 440 1393 597 1464; x_wconf 91' lang='lat' dir='ltr'>aspectans</span> <span class='ocrx_word' id='word_1_93' title='bbox 618 1402 750 1445; x_wconf 83' lang='lat' dir='ltr'>convexa</span> <span class='ocrx_word' id='word_1_94' title='bbox 771 1395 926 1464; x_wconf 90' lang='lat' dir='ltr'>precatur·</span> 
     </span>
     <span class='ocr_line' id='line_1_15' title="bbox 73 1460 871 1550; baseline 0.005 -22.071"><span class='ocrx_word' id='word_1_95' title='bbox 73 1460 161 1528; x_wconf 85' lang='lat' dir='ltr'>‘alma</span> <span class='ocrx_word' id='word_1_96' title='bbox 185 1487 294 1548; x_wconf 92' lang='lat' dir='ltr'>parens</span> <span class='ocrx_word' id='word_1_97' title='bbox 315 1469 399 1530; x_wconf 90' lang='lat' dir='ltr'>ldaea</span> <span class='ocrx_word' id='word_1_98' title='bbox 421 1470 525 1542; x_wconf 91' lang='lat' dir='ltr'>deum,</span> <span class='ocrx_word' id='word_1_99' title='bbox 549 1469 597 1531; x_wconf 90' lang='lat' dir='ltr'>oui</span> <span class='ocrx_word' id='word_1_100' title='bbox 618 1469 764 1550; x_wconf 76' lang='lat' dir='ltr'>Dindyma</span> <span class='ocrx_word' id='word_1_101' title='bbox 787 1471 871 1532; x_wconf 92' lang='lat' dir='ltr'>cordi</span> 
     </span>
     <span class='ocr_line' id='line_1_16' title="bbox 77 1553 892 1634; baseline 0.005 -21"><span class='ocrx_word' id='word_1_102' title='bbox 77 1554 300 1633; x_wconf 90' lang='lat' dir='ltr'>turrigeraeque</span> <span class='ocrx_word' id='word_1_103' title='bbox 321 1554 410 1616; x_wconf 88' lang='lat' dir='ltr'>urbes</span> <span class='ocrx_word' id='word_1_104' title='bbox 432 1554 585 1634; x_wconf 82' lang='lat' dir='ltr'>biiugique</span> <span class='ocrx_word' id='word_1_105' title='bbox 607 1554 643 1615; x_wconf 92' lang='lat' dir='ltr'>ad</span> <span class='ocrx_word' id='word_1_106' title='bbox 665 1555 750 1615; x_wconf 84' lang='lat' dir='ltr'>irena</span> <span class='ocrx_word' id='word_1_107' title='bbox 771 1553 892 1630; x_wconf 87' lang='lat' dir='ltr'>leones,</span> 
     </span>
     <span class='ocr_line' id='line_1_17' title="bbox 77 1638 982 1745; baseline 0.007 -47"><span class='ocrx_word' id='word_1_108' title='bbox 77 1646 109 1699; x_wconf 93' lang='lat' dir='ltr'>tu</span> <span class='ocrx_word' id='word_1_109' title='bbox 132 1639 202 1699; x_wconf 90' lang='lat' dir='ltr'>mihi</span> <span class='ocrx_word' id='word_1_110' title='bbox 226 1658 307 1701; x_wconf 94' lang='lat' dir='ltr'>nunc</span> <span class='ocrx_word' id='word_1_111' title='bbox 329 1657 447 1720; x_wconf 83' lang='lat' dir='ltr'>pugnae</span> <span class='ocrx_word' id='word_1_112' title='bbox 470 1642 626 1720; x_wconf 89' lang='lat' dir='ltr'>princeps,</span> <span class='ocrx_word' id='word_1_113' title='bbox 648 1649 679 1700; x_wconf 94' lang='lat' dir='ltr'>tu</span> <span class='ocrx_word' id='word_1_114' title='bbox 702 1638 758 1700; x_wconf 87' lang='lat' dir='ltr'>rite</span> <span class='ocrx_word' id='word_1_115' title='bbox 780 1641 982 1745; x_wconf 84' lang='lat' dir='ltr'>propinques</span> 
     </span>
     <span class='ocr_line' id='line_1_18' title="bbox 77 1719 982 1824; baseline 0.006 -40"><span class='ocrx_word' id='word_1_116' title='bbox 77 1725 233 1803; x_wconf 82' lang='lat' dir='ltr'>augurium</span> <span class='ocrx_word' id='word_1_117' title='bbox 256 1725 481 1824; x_wconf 79' lang='lat' dir='ltr'>Phrygibusque</span> <span class='ocrx_word' id='word_1_118' title='bbox 504 1725 580 1786; x_wconf 87' lang='lat' dir='ltr'>adsis</span> <span class='ocrx_word' id='word_1_119' title='bbox 602 1724 690 1804; x_wconf 87' lang='lat' dir='ltr'>pede,</span> <span class='ocrx_word' id='word_1_120' title='bbox 713 1724 794 1799; x_wconf 87' lang='lat' dir='ltr'>dira,</span> <span class='ocrx_word' id='word_1_121' title='bbox 817 1719 982 1789; x_wconf 85' lang='lat' dir='ltr'>secundol&#39;</span> 
     </span>
     <span class='ocr_line' id='line_1_19' title="bbox 77 1809 819 1873; baseline 0.003 -3"><span class='ocrx_word' id='word_1_122' title='bbox 77 1817 191 1870; x_wconf 78' lang='lat' dir='ltr'>mutum</span> <span class='ocrx_word' id='word_1_123' title='bbox 214 1811 328 1872; x_wconf 83' lang='lat' dir='ltr'>effatus</span> <span class='ocrx_word' id='word_1_124' title='bbox 373 1819 402 1873; x_wconf 90' lang='lat' dir='ltr'>et</span> <span class='ocrx_word' id='word_1_125' title='bbox 424 1812 537 1872; x_wconf 89' lang='lat' dir='ltr'>interea</span> <span class='ocrx_word' id='word_1_126' title='bbox 559 1809 691 1871; x_wconf 83' lang='lat' dir='ltr'>revoluta</span> <span class='ocrx_word' id='word_1_127' title='bbox 713 1809 819 1872; x_wconf 87' lang='lat' dir='ltr'>ruebat</span> 
     </span>
     <span class='ocr_line' id='line_1_20' title="bbox 78 1895 798 1974; baseline -0.001 -17"><span class='ocrx_word' id='word_1_128' title='bbox 78 1906 190 1957; x_wconf 88' lang='lat' dir='ltr'>matura</span> <span class='ocrx_word' id='word_1_129' title='bbox 214 1896 272 1957; x_wconf 91' lang='lat' dir='ltr'>iam</span> <span class='ocrx_word' id='word_1_130' title='bbox 292 1897 359 1958; x_wconf 89' lang='lat' dir='ltr'>luce</span> <span class='ocrx_word' id='word_1_131' title='bbox 382 1897 444 1958; x_wconf 90' lang='lat' dir='ltr'>dies</span> <span class='ocrx_word' id='word_1_132' title='bbox 467 1904 644 1974; x_wconf 87' lang='lat' dir='ltr'>noctemque</span> <span class='ocrx_word' id='word_1_133' title='bbox 666 1895 798 1973; x_wconf 83' lang='lat' dir='ltr'>iugarat:</span> 
     </span>
     <span class='ocr_line' id='line_1_21' title="bbox 78 1981 752 2062; baseline 0 -21"><span class='ocrx_word' id='word_1_134' title='bbox 78 1981 225 2062; x_wconf 88' lang='lat' dir='ltr'>principio</span> <span class='ocrx_word' id='word_1_135' title='bbox 249 1983 336 2044; x_wconf 88' lang='lat' dir='ltr'>sociis</span> <span class='ocrx_word' id='word_1_136' title='bbox 357 1982 459 2056; x_wconf 91' lang='lat' dir='ltr'>edicit,</span> <span class='ocrx_word' id='word_1_137' title='bbox 482 1982 567 2060; x_wconf 86' lang='lat' dir='ltr'>signa</span> <span class='ocrx_word' id='word_1_138' title='bbox 588 1989 752 2058; x_wconf 89' lang='lat' dir='ltr'>sequautur</span> 
     </span>
     <span class='ocr_line' id='line_1_22' title="bbox 78 2067 931 2149; baseline 0.001 -21"><span class='ocrx_word' id='word_1_139' title='bbox 78 2076 165 2146; x_wconf 91' lang='lat' dir='ltr'>atque</span> <span class='ocrx_word' id='word_1_140' title='bbox 188 2068 303 2130; x_wconf 91' lang='lat' dir='ltr'>animos</span> <span class='ocrx_word' id='word_1_141' title='bbox 325 2077 428 2149; x_wconf 90' lang='lat' dir='ltr'>aptent</span> <span class='ocrx_word' id='word_1_142' title='bbox 449 2067 538 2128; x_wconf 89' lang='lat' dir='ltr'>armis</span> <span class='ocrx_word' id='word_1_143' title='bbox 560 2082 738 2145; x_wconf 88' lang='lat' dir='ltr'>pugnaeque</span> <span class='ocrx_word' id='word_1_144' title='bbox 760 2077 868 2145; x_wconf 87' lang='lat' dir='ltr'>parent</span> <span class='ocrx_word' id='word_1_145' title='bbox 889 2086 931 2129; x_wconf 90' lang='lat' dir='ltr'>se.</span> 
     </span>
    </p>

    <p class='ocr_par' dir='ltr' id='par_1_9' title="bbox 76 2150 1044 3495">
     <span class='ocr_line' id='line_1_23' title="bbox 163 2150 1044 2232; baseline 0.003 -21"><span class='ocrx_word' id='word_1_146' title='bbox 163 2152 282 2232; x_wconf 90' lang='lat' dir='ltr'>lamque</span> <span class='ocrx_word' id='word_1_147' title='bbox 305 2154 335 2215; x_wconf 96' lang='lat' dir='ltr'>in</span> <span class='ocrx_word' id='word_1_148' title='bbox 359 2161 522 2232; x_wconf 88' lang='lat' dir='ltr'>conspectu</span> <span class='ocrx_word' id='word_1_149' title='bbox 544 2150 676 2212; x_wconf 83' lang='lat' dir='ltr'>Teucros</span> <span class='ocrx_word' id='word_1_150' title='bbox 698 2150 838 2212; x_wconf 88' lang='lat' dir='ltr'>habetet</span> <span class='ocrx_word' id='word_1_151' title='bbox 860 2171 913 2215; x_wconf 90' lang='lat' dir='ltr'>sua</span> <span class='ocrx_word' id='word_1_152' title='bbox 935 2161 1044 2216; x_wconf 88' lang='lat' dir='ltr'>castra.</span> 
     </span>
     <span class='ocr_line' id='line_1_24' title="bbox 77 2236 940 2318; baseline 0.002 -20"><span class='ocrx_word' id='word_1_153' title='bbox 77 2247 158 2298; x_wconf 90' lang='lat' dir='ltr'>stans</span> <span class='ocrx_word' id='word_1_154' title='bbox 180 2238 258 2300; x_wconf 88' lang='lat' dir='ltr'>celsa</span> <span class='ocrx_word' id='word_1_155' title='bbox 281 2239 312 2299; x_wconf 92' lang='lat' dir='ltr'>in</span> <span class='ocrx_word' id='word_1_156' title='bbox 335 2239 427 2318; x_wconf 90' lang='lat' dir='ltr'>puppi</span> <span class='ocrx_word' id='word_1_157' title='bbox 451 2239 578 2316; x_wconf 92' lang='lat' dir='ltr'>clipeum</span> <span class='ocrx_word' id='word_1_158' title='bbox 602 2253 669 2296; x_wconf 91' lang='lat' dir='ltr'>cum</span> <span class='ocrx_word' id='word_1_159' title='bbox 692 2236 798 2297; x_wconf 90' lang='lat' dir='ltr'>deinde</span> <span class='ocrx_word' id='word_1_160' title='bbox 820 2237 940 2300; x_wconf 88' lang='lat' dir='ltr'>sinistra</span> 
     </span>
     <span class='ocr_line' id='line_1_25' title="bbox 77 2321 859 2398; baseline 0.001 -16"><span class='ocrx_word' id='word_1_161' title='bbox 77 2322 180 2382; x_wconf 80' lang='lat' dir='ltr'>extulit</span> <span class='ocrx_word' id='word_1_162' title='bbox 202 2324 370 2398; x_wconf 83' lang='lat' dir='ltr'>ardentem,</span> <span class='ocrx_word' id='word_1_163' title='bbox 394 2324 552 2384; x_wconf 88' lang='lat' dir='ltr'>clamorem</span> <span class='ocrx_word' id='word_1_164' title='bbox 575 2323 609 2383; x_wconf 91' lang='lat' dir='ltr'>ad</span> <span class='ocrx_word' id='word_1_165' title='bbox 633 2321 728 2383; x_wconf 89' lang='lat' dir='ltr'>sidera</span> <span class='ocrx_word' id='word_1_166' title='bbox 751 2321 859 2383; x_wconf 92' lang='lat' dir='ltr'>tollunt</span> 
     </span>
     <span class='ocr_line' id='line_1_26' title="bbox 78 2407 877 2486; baseline 0.005 -20"><span class='ocrx_word' id='word_1_167' title='bbox 78 2408 259 2468; x_wconf 87' lang='lat' dir='ltr'>Dardanidae</span> <span class='ocrx_word' id='word_1_168' title='bbox 283 2427 298 2468; x_wconf 91' lang='lat' dir='ltr'>e</span> <span class='ocrx_word' id='word_1_169' title='bbox 321 2410 428 2481; x_wconf 90' lang='lat' dir='ltr'>muris,</span> <span class='ocrx_word' id='word_1_170' title='bbox 451 2427 520 2486; x_wconf 84' lang='lat' dir='ltr'>spes</span> <span class='ocrx_word' id='word_1_171' title='bbox 542 2408 639 2468; x_wconf 88' lang='lat' dir='ltr'>addita</span> <span class='ocrx_word' id='word_1_172' title='bbox 661 2407 782 2468; x_wconf 87' lang='lat' dir='ltr'>suscitat</span> <span class='ocrx_word' id='word_1_173' title='bbox 803 2407 877 2482; x_wconf 88' lang='lat' dir='ltr'>iras,</span> 
     </span>
     <span class='ocr_line' id='line_1_27' title="bbox 77 2491 841 2570; baseline 0.004 -19"><span class='ocrx_word' id='word_1_174' title='bbox 77 2491 133 2551; x_wconf 92' lang='lat' dir='ltr'>tela</span> <span class='ocrx_word' id='word_1_175' title='bbox 157 2509 246 2552; x_wconf 83' lang='lat' dir='ltr'>uranu</span> <span class='ocrx_word' id='word_1_176' title='bbox 268 2493 393 2566; x_wconf 90' lang='lat' dir='ltr'>iaciunt,</span> <span class='ocrx_word' id='word_1_177' title='bbox 418 2492 518 2570; x_wconf 92' lang='lat' dir='ltr'>quales</span> <span class='ocrx_word' id='word_1_178' title='bbox 540 2493 595 2554; x_wconf 91' lang='lat' dir='ltr'>sub</span> <span class='ocrx_word' id='word_1_179' title='bbox 619 2491 749 2554; x_wconf 90' lang='lat' dir='ltr'>nubibus</span> <span class='ocrx_word' id='word_1_180' title='bbox 771 2494 841 2554; x_wconf 87' lang='lat' dir='ltr'>atris</span> 
     </span>
     <span class='ocr_line' id='line_1_28' title="bbox 77 2576 969 2656; baseline 0.006 -21"><span class='ocrx_word' id='word_1_181' title='bbox 77 2576 263 2656; x_wconf 85' lang='lat' dir='ltr'>Strymoniae</span> <span class='ocrx_word' id='word_1_182' title='bbox 286 2578 356 2638; x_wconf 92' lang='lat' dir='ltr'>daut</span> <span class='ocrx_word' id='word_1_183' title='bbox 378 2578 460 2655; x_wconf 90' lang='lat' dir='ltr'>signa</span> <span class='ocrx_word' id='word_1_184' title='bbox 484 2595 574 2656; x_wconf 92' lang='lat' dir='ltr'>grues</span> <span class='ocrx_word' id='word_1_185' title='bbox 595 2587 684 2656; x_wconf 91' lang='lat' dir='ltr'>atque</span> <span class='ocrx_word' id='word_1_186' title='bbox 706 2579 825 2639; x_wconf 91' lang='lat' dir='ltr'>aethera</span> <span class='ocrx_word' id='word_1_187' title='bbox 847 2586 969 2640; x_wconf 88' lang='lat' dir='ltr'>tranant</span> 
     </span>
     <span class='ocr_line' id='line_1_29' title="bbox 76 2662 893 2744; baseline 0.002 -22"><span class='ocrx_word' id='word_1_188' title='bbox 76 2680 144 2722; x_wconf 91' lang='lat' dir='ltr'>cum</span> <span class='ocrx_word' id='word_1_189' title='bbox 167 2662 268 2725; x_wconf 92' lang='lat' dir='ltr'>souitu</span> <span class='ocrx_word' id='word_1_190' title='bbox 290 2663 467 2744; x_wconf 79' lang='lat' dir='ltr'>fugiuntque</span> <span class='ocrx_word' id='word_1_191' title='bbox 489 2663 582 2725; x_wconf 90' lang='lat' dir='ltr'>Notos</span> <span class='ocrx_word' id='word_1_192' title='bbox 604 2663 731 2725; x_wconf 89' lang='lat' dir='ltr'>clamore</span> <span class='ocrx_word' id='word_1_193' title='bbox 754 2664 893 2724; x_wconf 88' lang='lat' dir='ltr'>secundo.</span> 
     </span>
     <span class='ocr_line' id='line_1_30' title="bbox 76 2747 795 2830; baseline 0.001 -22"><span class='ocrx_word' id='word_1_194' title='bbox 76 2756 105 2808; x_wconf 92' lang='lat' dir='ltr'>at</span> <span class='ocrx_word' id='word_1_195' title='bbox 126 2747 235 2809; x_wconf 87' lang='lat' dir='ltr'>Rutulo</span> <span class='ocrx_word' id='word_1_196' title='bbox 259 2751 320 2830; x_wconf 89' lang='lat' dir='ltr'>regi</span> <span class='ocrx_word' id='word_1_197' title='bbox 344 2750 528 2829; x_wconf 90' lang='lat' dir='ltr'>ducibusque</span> <span class='ocrx_word' id='word_1_198' title='bbox 551 2768 585 2810; x_wconf 93' lang='lat' dir='ltr'>ea</span> <span class='ocrx_word' id='word_1_199' title='bbox 607 2749 679 2809; x_wconf 91' lang='lat' dir='ltr'>mira</span> <span class='ocrx_word' id='word_1_200' title='bbox 703 2748 795 2809; x_wconf 88' lang='lat' dir='ltr'>videri</span> 
     </span>
     <span class='ocr_line' id='line_1_31' title="bbox 76 2834 764 2913; baseline -0.003 -18"><span class='ocrx_word' id='word_1_201' title='bbox 76 2835 229 2910; x_wconf 80' lang='lat' dir='ltr'>Ausoniis,</span> <span class='ocrx_word' id='word_1_202' title='bbox 252 2836 348 2898; x_wconf 90' lang='lat' dir='ltr'>donec</span> <span class='ocrx_word' id='word_1_203' title='bbox 370 2855 468 2897; x_wconf 84' lang='lat' dir='ltr'>versas</span> <span class='ocrx_word' id='word_1_204' title='bbox 490 2836 525 2896; x_wconf 91' lang='lat' dir='ltr'>ad</span> <span class='ocrx_word' id='word_1_205' title='bbox 549 2835 635 2896; x_wconf 90' lang='lat' dir='ltr'>litora</span> <span class='ocrx_word' id='word_1_206' title='bbox 656 2834 764 2913; x_wconf 92' lang='lat' dir='ltr'>puppis</span> 
     </span>
     <span class='ocr_line' id='line_1_32' title="bbox 76 2917 840 3001; baseline -0.005 -20"><span class='ocrx_word' id='word_1_207' title='bbox 76 2921 242 3001; x_wconf 87' lang='lat' dir='ltr'>respiciunt</span> <span class='ocrx_word' id='word_1_208' title='bbox 263 2932 417 3001; x_wconf 90' lang='lat' dir='ltr'>totumque</span> <span class='ocrx_word' id='word_1_209' title='bbox 439 2921 532 2983; x_wconf 88' lang='lat' dir='ltr'>adlabi</span> <span class='ocrx_word' id='word_1_210' title='bbox 556 2917 698 2982; x_wconf 91' lang='lat' dir='ltr'>classibus</span> <span class='ocrx_word' id='word_1_211' title='bbox 719 2936 840 2996; x_wconf 86' lang='lat' dir='ltr'>aequor.</span> 
     </span>
     <span class='ocr_line' id='line_1_33' title="bbox 76 3004 849 3087; baseline -0.004 -22"><span class='ocrx_word' id='word_1_212' title='bbox 76 3008 158 3067; x_wconf 89' lang='lat' dir='ltr'>ardet</span> <span class='ocrx_word' id='word_1_213' title='bbox 180 3026 254 3087; x_wconf 85' lang='lat' dir='ltr'>apex</span> <span class='ocrx_word' id='word_1_214' title='bbox 277 3010 365 3087; x_wconf 93' lang='lat' dir='ltr'>capiti</span> <span class='ocrx_word' id='word_1_215' title='bbox 388 3007 542 3086; x_wconf 90' lang='lat' dir='ltr'>cristisque</span> <span class='ocrx_word' id='word_1_216' title='bbox 565 3004 711 3067; x_wconf 88' lang='lat' dir='ltr'>avertice</span> <span class='ocrx_word' id='word_1_217' title='bbox 734 3005 849 3064; x_wconf 87' lang='lat' dir='ltr'>flamma</span> 
     </span>
     <span class='ocr_line' id='line_1_34' title="bbox 76 3088 851 3166; baseline -0.001 -17"><span class='ocrx_word' id='word_1_218' title='bbox 76 3091 210 3152; x_wconf 82' lang='lat' dir='ltr'>funditur</span> <span class='ocrx_word' id='word_1_219' title='bbox 232 3101 261 3152; x_wconf 91' lang='lat' dir='ltr'>ct</span> <span class='ocrx_word' id='word_1_220' title='bbox 284 3103 379 3154; x_wconf 88' lang='lat' dir='ltr'>vastos</span> <span class='ocrx_word' id='word_1_221' title='bbox 403 3091 491 3152; x_wconf 89' lang='lat' dir='ltr'>umbo</span> <span class='ocrx_word' id='word_1_222' title='bbox 515 3092 605 3152; x_wconf 89' lang='lat' dir='ltr'>vomit</span> <span class='ocrx_word' id='word_1_223' title='bbox 626 3108 734 3153; x_wconf 85' lang='lat' dir='ltr'>aureus</span> <span class='ocrx_word' id='word_1_224' title='bbox 757 3088 851 3166; x_wconf 88' lang='lat' dir='ltr'>iguis,</span> 
     </span>
     <span class='ocr_line' id='line_1_35' title="bbox 77 3177 888 3255; baseline -0.004 -19"><span class='ocrx_word' id='word_1_225' title='bbox 77 3194 137 3236; x_wconf 90' lang='lat' dir='ltr'>nou</span> <span class='ocrx_word' id='word_1_226' title='bbox 161 3196 247 3238; x_wconf 89' lang='lat' dir='ltr'>secus</span> <span class='ocrx_word' id='word_1_227' title='bbox 269 3195 302 3236; x_wconf 90' lang='lat' dir='ltr'>ac</span> <span class='ocrx_word' id='word_1_228' title='bbox 324 3177 434 3255; x_wconf 91' lang='lat' dir='ltr'>liquida</span> <span class='ocrx_word' id='word_1_229' title='bbox 456 3177 480 3237; x_wconf 91' lang='lat' dir='ltr'>si</span> <span class='ocrx_word' id='word_1_230' title='bbox 503 3178 622 3254; x_wconf 92' lang='lat' dir='ltr'>quaudo</span> <span class='ocrx_word' id='word_1_231' title='bbox 647 3184 734 3236; x_wconf 91' lang='lat' dir='ltr'>nocte</span> <span class='ocrx_word' id='word_1_232' title='bbox 756 3183 888 3234; x_wconf 87' lang='lat' dir='ltr'>cometae</span> 
     </span>
     <span class='ocr_line' id='line_1_36' title="bbox 76 3260 822 3341; baseline -0.005 -19"><span class='ocrx_word' id='word_1_233' title='bbox 76 3262 231 3340; x_wconf 90' lang='lat' dir='ltr'>sanguinei</span> <span class='ocrx_word' id='word_1_234' title='bbox 253 3260 379 3341; x_wconf 89' lang='lat' dir='ltr'>lugubre</span> <span class='ocrx_word' id='word_1_235' title='bbox 400 3262 509 3322; x_wconf 88' lang='lat' dir='ltr'>rubent</span> <span class='ocrx_word' id='word_1_236' title='bbox 531 3271 581 3322; x_wconf 90' lang='lat' dir='ltr'>aut</span> <span class='ocrx_word' id='word_1_237' title='bbox 603 3262 696 3324; x_wconf 88' lang='lat' dir='ltr'>Sirius</span> <span class='ocrx_word' id='word_1_238' title='bbox 719 3260 822 3334; x_wconf 90' lang='lat' dir='ltr'>ardor,</span> 
     </span>
     <span class='ocr_line' id='line_1_37' title="bbox 76 3345 875 3425; baseline -0.004 -18"><span class='ocrx_word' id='word_1_239' title='bbox 76 3347 123 3407; x_wconf 93' lang='lat' dir='ltr'>ille</span> <span class='ocrx_word' id='word_1_240' title='bbox 146 3346 224 3407; x_wconf 91' lang='lat' dir='ltr'>sitim</span> <span class='ocrx_word' id='word_1_241' title='bbox 246 3347 426 3425; x_wconf 90' lang='lat' dir='ltr'>morbosque</span> <span class='ocrx_word' id='word_1_242' title='bbox 449 3347 547 3407; x_wconf 83' lang='lat' dir='ltr'>tereus</span> <span class='ocrx_word' id='word_1_243' title='bbox 569 3346 743 3409; x_wconf 87' lang='lat' dir='ltr'>mortalibus</span> <span class='ocrx_word' id='word_1_244' title='bbox 765 3345 875 3424; x_wconf 89' lang='lat' dir='ltr'>aegris,</span> 
     </span>
     <span class='ocr_line' id='line_1_38' title="bbox 77 3430 819 3495; baseline -0.005 -1"><span class='ocrx_word' id='word_1_245' title='bbox 77 3433 207 3495; x_wconf 89' lang='lat' dir='ltr'>nascitur</span> <span class='ocrx_word' id='word_1_246' title='bbox 229 3442 259 3492; x_wconf 88' lang='lat' dir='ltr'>et</span> <span class='ocrx_word' id='word_1_247' title='bbox 280 3432 361 3493; x_wconf 86' lang='lat' dir='ltr'>laevo</span> <span class='ocrx_word' id='word_1_248' title='bbox 383 3433 539 3493; x_wconf 89' lang='lat' dir='ltr'>contristat</span> <span class='ocrx_word' id='word_1_249' title='bbox 561 3432 673 3494; x_wconf 91' lang='lat' dir='ltr'>lumine</span> <span class='ocrx_word' id='word_1_250' title='bbox 695 3430 819 3492; x_wconf 87' lang='lat' dir='ltr'>caelum.</span> 
     </span>
    </p>

    <p class='ocr_par' dir='ltr' id='par_1_10' title="bbox 75 3516 858 3684">
     <span class='ocr_line' id='line_1_39' title="bbox 162 3516 858 3580; baseline -0.007 -1"><span class='ocrx_word' id='word_1_251' title='bbox 162 3518 245 3579; x_wconf 86' lang='lat' dir='ltr'>llaud</span> <span class='ocrx_word' id='word_1_252' title='bbox 268 3527 366 3580; x_wconf 87' lang='lat' dir='ltr'>tamen</span> <span class='ocrx_word' id='word_1_253' title='bbox 390 3519 492 3580; x_wconf 90' lang='lat' dir='ltr'>audaci</span> <span class='ocrx_word' id='word_1_254' title='bbox 514 3520 618 3580; x_wconf 87' lang='lat' dir='ltr'>Turno</span> <span class='ocrx_word' id='word_1_255' title='bbox 641 3516 747 3578; x_wconf 88' lang='lat' dir='ltr'>fiducia</span> <span class='ocrx_word' id='word_1_256' title='bbox 770 3516 858 3577; x_wconf 90' lang='lat' dir='ltr'>cessit</span> 
     </span>
     <span class='ocr_line' id='line_1_40' title="bbox 75 3603 816 3684; baseline -0.004 -20"><span class='ocrx_word' id='word_1_257' title='bbox 75 3604 158 3666; x_wconf 89' lang='lat' dir='ltr'>litora</span> <span class='ocrx_word' id='word_1_258' title='bbox 182 3603 353 3683; x_wconf 89' lang='lat' dir='ltr'>praecipere</span> <span class='ocrx_word' id='word_1_259' title='bbox 376 3614 405 3665; x_wconf 89' lang='lat' dir='ltr'>et</span> <span class='ocrx_word' id='word_1_260' title='bbox 427 3604 573 3666; x_wconf 86' lang='lat' dir='ltr'>venientis</span> <span class='ocrx_word' id='word_1_261' title='bbox 595 3603 704 3684; x_wconf 91' lang='lat' dir='ltr'>pellere</span> <span class='ocrx_word' id='word_1_262' title='bbox 727 3611 816 3662; x_wconf 88' lang='lat' dir='ltr'>terra.</span> 
     </span>
    </p>
   </div>
   <div class='ocr_carea' id='block_1_3' title="bbox 75 3746 1085 3957">
    <p class='ocr_par' dir='ltr' id='par_1_11' title="bbox 75 3746 1085 3957">
     <span class='ocr_line' id='line_1_41' title="bbox 162 3746 1085 3825; baseline -0.011 -18"><span class='ocrx_word' id='word_1_263' title='bbox 162 3757 210 3807; x_wconf 79' lang='lat'>245</span> <span class='ocrx_word' id='word_1_264' title='bbox 228 3759 358 3820; x_wconf 82' lang='lat' dir='ltr'>spectabis</span> <span class='ocrx_word' id='word_1_265' title='bbox 375 3754 451 3825; x_wconf 82' lang='lat' dir='ltr'>llle¹</span> <span class='ocrx_word' id='word_1_266' title='bbox 472 3755 574 3820; x_wconf 89' lang='lat' dir='ltr'>Longus</span> <span class='ocrx_word' id='word_1_267' title='bbox 598 3769 637 3820; x_wconf 87' lang='lat' dir='ltr'>op.</span> <span class='ocrx_word' id='word_1_268' title='bbox 657 3752 728 3807; x_wconf 84' lang='lat' dir='ltr'>Serv</span> <span class='ocrx_word' id='word_1_269' title='bbox 749 3753 783 3818; x_wconf 95' lang='lat' dir='ltr'>pl</span> <span class='ocrx_word' id='word_1_270' title='bbox 872 3753 919 3803; x_wconf 79' lang='lat'>251</span> <span class='ocrx_word' id='word_1_271' title='bbox 939 3764 1022 3812; x_wconf 82' lang='lat' dir='ltr'>super</span> <span class='ocrx_word' id='word_1_272' title='bbox 1041 3746 1085 3799; x_wconf 68' lang='lat' dir='ltr'>llll</span> 
     </span>
     <span class='ocr_line' id='line_1_42' title="bbox 75 3818 1085 3888; baseline 0.002 -18"><span class='ocrx_word' id='word_1_273' title='bbox 75 3819 150 3873; x_wconf 86' lang='lat' dir='ltr'>Ribb</span> <span class='ocrx_word' id='word_1_274' title='bbox 233 3822 455 3875; x_wconf 69' lang='lat' dir='ltr'>enumerantur</span> <span class='ocrx_word' id='word_1_275' title='bbox 491 3824 603 3874; x_wconf 84' lang='lat' dir='ltr'>rubebat</span> <span class='ocrx_word' id='word_1_276' title='bbox 619 3820 679 3888; x_wconf 80' lang='lat' dir='ltr'>P¹y¹</span> <span class='ocrx_word' id='word_1_277' title='bbox 695 3818 770 3873; x_wconf 88' lang='lat' dir='ltr'>Ribb.</span> <span class='ocrx_word' id='word_1_278' title='bbox 857 3822 906 3872; x_wconf 78' lang='grc'>263</span> <span class='ocrx_word' id='word_1_279' title='bbox 924 3834 1007 3885; x_wconf 70' lang='lat' dir='ltr'>spos</span> <span class='ocrx_word' id='word_1_280' title='bbox 1024 3820 1085 3868; x_wconf 75' lang='lat' dir='ltr'>iat</span> 
     </span>
     <span class='ocr_line' id='line_1_43' title="bbox 76 3881 1058 3957; baseline -0.002 -18"><span class='ocrx_word' id='word_1_281' title='bbox 76 3889 127 3941; x_wconf 81' lang='grc'>264</span> <span class='ocrx_word' id='word_1_282' title='bbox 146 3889 228 3941; x_wconf 79' lang='lat' dir='ltr'>damu.</span> <span class='ocrx_word' id='word_1_283' title='bbox 248 3890 348 3942; x_wconf 88' lang='lat' dir='ltr'>Peerlh.</span> <span class='ocrx_word' id='word_1_284' title='bbox 436 3883 536 3957; x_wconf 75' lang='lat' dir='ltr'>²i⁰l⁵</span> <span class='ocrx_word' id='word_1_285' title='bbox 539 3905 589 3942; x_wconf 92' lang='lat' dir='ltr'>nou</span> <span class='ocrx_word' id='word_1_286' title='bbox 608 3903 655 3940; x_wconf 80' lang='lat' dir='ltr'>ruo</span> <span class='ocrx_word' id='word_1_287' title='bbox 673 3889 731 3941; x_wconf 96' lang='lat' dir='ltr'>loco</span> <span class='ocrx_word' id='word_1_288' title='bbox 749 3881 851 3940; x_wconf 88' lang='lat' dir='ltr'>inserti‘</span> <span class='ocrx_word' id='word_1_289' title='bbox 871 3887 936 3939; x_wconf 81' lang='lat' dir='ltr'>libb.</span> <span class='ocrx_word' id='word_1_290' title='bbox 956 3884 997 3939; x_wconf 79' lang='lat' dir='ltr'>rr.</span> <span class='ocrx_word' id='word_1_291' title='bbox 1017 3887 1058 3938; x_wconf 82' lang='grc'>84.</span> 
     </span>
    </p>
   </div>
   <div class='ocr_carea' id='block_1_4' title="bbox 0 0 1148 4394">
    <p class='ocr_par' dir='ltr' id='par_1_12' title="bbox 0 0 1148 4394">
     <span class='ocr_line' id='line_1_44' title="bbox 0 0 1148 4394; baseline 0 0"><span class='ocrx_word' id='word_1_292' title='bbox 0 0 1148 4394; x_wconf 95' lang='lat' dir='ltr'> </span> 
     </span>
    </p>
   </div>
  </div>
 </body>
</html>
