2286 4394
456 106 617 161 subulcos
634 109 693 162 LlB.
711 110 763 163 llll.

9 266 145 431 glos
161 297 289 359 generos
311 288 396 341 vocet
417 289 468 341 aut
490 299 564 361 quae
586 300 650 343 sese
673 281 708 342 ad
732 284 851 345 foedera
872 286 977 348 flectat.

89 372 215 427 neterea
238 365 341 444 regina
362 365 406 426 tui
428 366 565 427 fidissima
587 367 688 427 dextra

9 434 173 511 Qut
192 452 258 531 ipsa
279 469 331 513 sua
353 450 510 530 lucemque
533 452 671 513 exterrita
693 453 778 532 fugit.

9 526 126 595 Ι016
143 552 196 615 pro
217 535 314 615 portis
336 536 487 616 Messapus
508 545 537 597 et
559 555 626 597 acer
647 537 750 600 Atinas

9 612 233 685 maenum
255 620 348 694 acies;
371 621 483 682 circum
506 623 560 682 bos
582 623 731 701 utrimque
752 624 913 704 phalanges

9 700 146 767 mant
166 706 275 768 densae
298 706 467 786 strictisque
489 726 573 787 seges
595 709 788 771 mucronibus
810 710 912 772 horret

169 810 177 851 ε
200 799 233 852 tu
256 809 378 853 currum
399 791 517 854 deserto
538 792 569 853 in
593 793 725 871 gramine
748 794 867 857 versas‘

9 862 210 957 stetipuit
230 876 308 937 varia
331 877 472 939 confusus
494 877 621 956 imagine
643 896 743 939 rerum

151 981 187 1023 us
209 970 239 1023 et
261 960 366 1023 obtutu
381 962 470 1023 tacito
492 963 587 1038 stetit;
612 972 726 1024 aestuat
747 964 854 1042 ingens

16 1044 128 1108 ι1110
149 1047 181 1109 in
203 1046 294 1109 corde
317 1047 413 1126 pudor
434 1047 585 1126 mixtoque
606 1048 720 1109 insania
743 1049 824 1110 luctu

24 1130 90 1187 nt
117 1131 201 1194 iuriis
221 1132 347 1211 agitatus
369 1150 452 1192 amor
473 1141 503 1193 et
525 1133 643 1194 conscia
664 1133 765 1196 virtus.

9 1216 99 1291 ,int
119 1216 249 1297 primum
271 1217 419 1279 discussae
442 1217 565 1278 umbrae
587 1226 616 1278 et
637 1219 687 1279 lux
709 1218 821 1280 reddita
843 1222 935 1282 menti

12 1300 197 1364 Ardentis
219 1302 374 1365 oculorum
396 1302 478 1364 orbis
501 1304 536 1364 ad
559 1304 675 1365 moenia
697 1305 782 1366 torsit

37 1380 203 1450 turbidus
225 1407 301 1467 eque
323 1388 396 1449 rotis
417 1406 555 1466 magnam
576 1391 705 1469 respexit
727 1391 762 1451 ad
786 1390 900 1452 urbem.

151 1472 231 1535 Ecce
252 1482 365 1547 autem,
387 1473 511 1535 llammis
532 1474 612 1535 inter
632 1475 759 1536 tabulata
783 1476 900 1538 volutus

10 1604 26 1633 ἡ
47 1554 101 1619 nd
123 1558 238 1620 caelum
260 1558 391 1620 undabat
413 1567 513 1620 vertex
534 1560 700 1638 turrimque
723 1561 857 1634 tenebat,

10 1704 14 1715 ,
50 1640 172 1705 turrim
196 1643 356 1724 compactis
378 1643 512 1706 trabibus
535 1663 621 1724 quam
645 1645 786 1706 eduxerat
807 1646 871 1725 ipse

10 1750 17 1811 2
52 1728 295 1825 gubdideratque
317 1737 397 1792 rotas
418 1729 580 1810 pontisque
602 1730 777 1792 instraverat
798 1732 882 1792 altos.

10 1826 17 1889 ξ.
69 1808 134 1875 iam
156 1814 215 1876 iam
236 1814 308 1889 iata,
331 1834 433 1889 soror,
456 1824 613 1894 superant,
637 1815 744 1877 absiste
765 1817 890 1890 morari;

10 1930 21 1987 q
64 1912 125 1978 quo
149 1899 223 1962 deus
244 1907 275 1960 et
296 1918 355 1979 quo
378 1900 450 1961 dura
471 1909 558 1961 vocat
578 1900 726 1975 Fortuna,
749 1919 917 1980 sequamur.
961 1904 964 1910 '

10 1990 19 2069 l
64 1992 121 2047 nat
143 1986 284 2048 conferre
305 2003 426 2047 manum
449 1985 582 2060 Aeneae,
604 1994 676 2059 stat,
699 1986 841 2065 quidquid
864 1987 963 2048 acerbi
985 1998 1045 2063 est,

10 2086 29 2117 ’-
68 2079 162 2133 morte
184 2071 261 2151 pati:
284 2090 383 2150 neque
404 2089 453 2132 me
475 2071 661 2148 indecorem,
683 2089 836 2149 germana,
859 2072 970 2135 videbis

10 2102 41 2259 ἒ·
67 2156 204 2237 amptius.
247 2156 342 2230 bunc,
365 2174 434 2231 oro,
457 2155 522 2218 sine
544 2175 592 2218 me
614 2158 713 2217 furere
736 2165 804 2219 ante
826 2148 982 2219 furorem'
1092 2169 1135 2222 680

10 2250 41 2315 c*
68 2240 138 2304 dixit
160 2249 192 2304 et
213 2260 230 2302 e
251 2259 341 2303 curru
363 2241 470 2304 saltum
493 2241 572 2304 dedit
594 2242 677 2303 ocius
699 2242 775 2303 arvis

23 2352 28 2359 ·
68 2344 181 2407 perque
203 2326 310 2402 bostis,
333 2345 388 2407 per
409 2327 465 2388 tela
490 2327 549 2388 ruit
569 2336 768 2406 maestamque
791 2345 922 2389 sororem

22 2416 25 2421 '
68 2410 177 2475 deserit
198 2429 232 2472 ac
253 2411 356 2492 rapido
379 2430 469 2474 cursu
492 2411 585 2473 media
608 2413 725 2491 agmina
747 2413 868 2492 rumpit.

10 2508 21 2575 ξ
67 2514 100 2559 ac
120 2497 214 2559 veluti
234 2496 345 2559 montis
366 2515 467 2559 saxum
490 2496 527 2558 de
548 2499 658 2559 vertice
681 2517 823 2577 praeceps

21 2656 26 2665 Ι
67 2600 134 2644 cum
158 2581 220 2642 ruit
240 2581 371 2644 avolsum
392 2591 496 2656 vento,
519 2601 572 2644 seu
592 2581 731 2644 turbidus
752 2583 847 2644 imber

22 2672 25 2679 '
66 2666 180 2747 proluit
201 2674 252 2727 aut
271 2667 359 2729 annis
380 2667 467 2729 solvit
488 2667 625 2747 sublapsa
646 2677 793 2740 vetustas,

22 2768 25 2773 '
66 2752 164 2813 lemur
185 2751 217 2812 in
239 2751 397 2833 abruptum
420 2771 528 2833 magno
550 2771 637 2815 mons
658 2751 814 2832 improbus
836 2760 902 2812 actu

66 2836 255 2915 exsultatque
275 2837 340 2898 solo
362 2837 462 2910 silvas,
486 2846 617 2899 armema
641 2838 777 2915 virosque

11 2916 13 2983 i
67 2920 222 2983 involvens
243 2940 359 2995 secum,
382 2923 502 2985 disiecta
525 2941 578 3002 per
599 2922 716 3002 agmina
738 2922 859 2983 Turnus

65 3007 112 3069 sic
132 3006 217 3069 urbis
237 3007 298 3068 ruit
319 3006 355 3068 ad
377 3027 494 3080 muros,
517 3007 570 3068 ubi
591 3008 718 3088 plurima
740 3009 806 3069 suso

65 3091 215 3173 sanguine
236 3101 316 3153 terra
336 3094 434 3154 madet
454 3093 642 3172 striduntque
664 3093 817 3155 hastilibus
839 3111 942 3167 aurae,

65 3177 274 3258 significatque
296 3197 387 3240 manu
408 3187 437 3240 et
458 3197 566 3258 magno
588 3179 676 3240 simul
698 3179 802 3258 incipit
823 3198 891 3240 ore:

62 3255 193 3344 ‘parcite
213 3262 287 3338 iam,
309 3263 426 3339 Rutuli,
448 3273 478 3324 et
499 3282 550 3324 vos
572 3264 629 3324 tela
651 3264 798 3339 inhibete,
822 3264 934 3337 Latini;

65 3365 275 3429 quaecumque
298 3357 343 3411 est
364 3350 499 3423 fortuna,
521 3367 587 3409 mea
610 3357 669 3421 est;
692 3368 739 3409 me
762 3349 859 3410 verius
882 3366 975 3410 unum

63 3452 126 3515 pro
148 3431 232 3495 vobis
253 3434 358 3496 ioedus
380 3435 462 3495 luere
485 3442 514 3494 et
536 3433 698 3494 decernere
721 3429 825 3494 lerro.'

64 3518 234 3582 discessere
256 3537 360 3581 omnes
381 3519 469 3581 medii
492 3519 680 3598 spatiumque
702 3518 819 3579 dedere.

155 3603 193 3665 tt
214 3613 299 3684 pater
321 3607 435 3667 deneas
458 3604 557 3665 audito
581 3604 702 3665 nomine
724 3603 818 3663 Turni

156 3790 204 3841 661
225 3789 316 3840 Asilas
333 3807 382 3851 πχ;
401 3787 452 3841 det.
471 3788 518 3841 llr.
539 3791 611 3852 1878,
630 3790 688 3842 265.
775 3789 824 3840 662
843 3787 927 3837 eciem
945 3783 987 3836 PR
997 3783 1071 3836 llibb.
