2286 4394
453 120 614 174 Autumnus
631 121 690 174 LlB.
707 122 748 175 111.
1073 127 1132 186 181

85 310 131 356 ra
153 294 243 355 datur
264 291 399 372 llessapo
422 304 452 355 et
473 295 590 356 moenia
613 294 734 373 cingere
756 297 889 359 dammis.
1094 315 1136 365 tao

10 304 99 465 Ε
125 388 243 460 septem
264 377 367 439 Rutuli
388 396 490 442 muros
512 380 563 459 qui
585 380 676 441 milite
697 391 829 455 servent,

10 456 183 538 &leeth
206 472 252 526 ast
272 463 338 524 illos
360 465 480 526 centeni
503 482 652 544 quemque
673 476 841 545 sequuntur

10 549 206 698 wi
230 548 327 610 cristis
348 549 470 612 iuvenes
490 567 623 628 auroque
646 552 771 612 corusci.

10 638 14 713 j
201 644 236 696 nt
257 634 430 714 variantque
451 635 530 697 vices
552 636 669 714 lusique
691 654 745 716 per
767 638 888 698 herbam

10 710 220 801 thdulgeut
240 720 309 780 vino
331 728 362 781 et
382 729 502 782 vertunt
523 729 650 782 crateras
672 731 771 783 aenos.

90 806 224 868 nlucent
245 805 344 882 ignes,
368 815 486 867 noctem
509 807 640 867 custodia
662 807 743 867 ducit

11 880 232 953 'insomnem
253 889 334 952 ludo.

149 975 232 1036 llaec
252 993 343 1056 super
364 993 381 1036 e
402 974 476 1035 vallo
499 983 691 1054 prospectant
712 976 805 1038 Troes
827 989 856 1038 ct
877 981 966 1043 armis

10 1116 14 1121 .
39 1055 121 1122 {lta
142 1068 264 1134 tenent,
288 1078 344 1122 uec
368 1078 429 1121 uon
451 1060 559 1140 trepidi
581 1060 739 1122 formidine
761 1071 861 1141 portas

11 1146 222 1226 yexptorant
241 1146 401 1226 pontisque
422 1153 452 1207 ct
473 1145 696 1225 propugnacula
718 1146 855 1227 iungunt.

10 1176 123 1301 Μὴ
144 1239 271 1311 gerunt:
294 1231 406 1292 instant
428 1229 599 1292 Mnestheus
620 1249 747 1309 acerque
770 1232 920 1310 Serestus,

12 1322 17 1329 '
54 1326 142 1390 quos
162 1325 248 1397 pater
269 1317 399 1390 deneas,
421 1315 446 1376 si
469 1316 588 1394 quando
611 1315 729 1378 adversa
751 1330 907 1395 vocarent,

15 1414 21 1473 ἶ
55 1408 197 1464 rectores
219 1401 358 1462 iuvenum
381 1409 412 1462 et
432 1418 534 1461 rerum
556 1401 636 1462 dedit
657 1420 721 1463 csse
743 1405 907 1483 magistros.

17 1524 20 1529 ·
61 1488 163 1565 §mnis
183 1505 239 1568 per
261 1505 363 1548 muros
384 1485 461 1564 tegio
483 1486 585 1547 sortita
606 1486 751 1566 periclum

22 1566 25 1571 ’
70 1571 193 1635 excubat
215 1579 394 1650 exercetque
415 1570 507 1646 vices,
531 1571 610 1651 quod
632 1572 740 1651 cuique
763 1575 906 1635 tuendum
930 1586 982 1637 est.
1098 1590 1139 1641 tto

150 1658 245 1743 Nisus
262 1665 325 1717 erat
346 1663 448 1735 portae
470 1664 585 1731 custos,
607 1657 770 1718 acerrimus
791 1659 893 1733 ermis,

23 1812 26 1817 Ι
76 1734 256 1822 Hyrtacides,
279 1741 416 1803 comitem
439 1742 556 1803 Aeneae
578 1760 666 1821 quem
688 1741 807 1803 miserat
828 1743 876 1804 Ida

19 1832 25 1891 .'
78 1829 215 1902 venatrix,
238 1826 333 1888 iaculo
356 1826 483 1888 celerem
506 1827 678 1906 levibusque
700 1827 827 1904 sagittis,

79 1923 101 1974 et
119 1914 198 1975 iuxta
221 1930 323 1974 comes
343 1910 504 1992 Euryalus,
527 1931 587 1992 quo
608 1911 762 1992 pulchrior
783 1913 857 1974 alter

78 2015 130 2061 non
152 1999 209 2061 luit
230 1997 399 2059 Aeneadum
421 1996 549 2058 Troiana
572 2016 669 2078 neque
692 1997 787 2058 induit
808 2017 903 2074 arma,

76 2101 120 2144 ora
141 2102 218 2163 puer
240 2083 335 2162 prima
356 2082 478 2159 signans
499 2082 618 2144 intonsa
640 2083 767 2144 iuventa.

74 2168 115 2232 bis
135 2186 220 2230 amor
242 2187 320 2230 unus
342 2176 405 2228 crat
425 2166 595 2247 pariterque
617 2168 648 2228 in
671 2167 747 2229 bella
770 2167 896 2229 ruebant
903 2188 911 2245 ;

72 2264 130 2316 tum
153 2271 275 2333 quoque
297 2253 447 2314 communi
468 2261 585 2332 portam
607 2254 733 2315 statione
755 2254 906 2315 tenebant.

70 2340 156 2402 Nisus
179 2339 235 2400 ait:
262 2332 346 2399 ‘diue
367 2338 448 2399 hunc
469 2337 604 2399 ardorem
627 2338 777 2401 mentibus
798 2340 926 2415 addunt,

69 2424 212 2506 Euryale,
235 2442 273 2484 an
296 2441 348 2485 sua
370 2423 477 2502 cuique
500 2422 572 2484 deus
593 2424 626 2484 dt
647 2424 709 2485 dira
731 2423 862 2505 cupido?

68 2520 120 2572 aut
140 2526 274 2590 pugnam
296 2517 346 2569 aut
367 2508 475 2588 aliquid
497 2507 664 2569 iamdudum
687 2510 824 2571 invadere
846 2529 986 2591 magnum

69 2614 156 2658 mens
177 2595 268 2673 agitat
288 2593 360 2655 milri
382 2611 439 2654 nec
460 2593 573 2672 placida
597 2603 736 2655 contenta
759 2596 858 2673 quiete
880 2607 931 2658 est.

67 2681 185 2753 cernis,
209 2697 285 2759 quae
307 2678 432 2740 Rutulos
453 2677 560 2739 babeat
581 2679 688 2739 fiducia
709 2697 825 2739 rerum:

67 2765 182 2828 lumina
206 2783 272 2826 rara
293 2764 418 2836 micant,
440 2782 546 2825 somno
568 2764 697 2842 vinoque
720 2763 807 2824 soluti

67 2849 276 2932 procubuere,
299 2849 389 2911 silent
409 2848 466 2910 late
488 2848 562 2910 loca.
605 2849 726 2928 percipe
748 2867 856 2928 porro,

68 2936 143 3016 quid
164 2935 297 2998 dubitem
319 2943 349 2996 et
369 2952 446 3014 quae
469 2953 551 2996 nunc
573 2934 672 3034 anymo
695 2934 842 2995 sententia
864 2944 974 3013 surgat.

68 3025 193 3084 Aenean
216 3021 304 3083 acciri
327 3038 444 3094 omnes,
467 3020 655 3100 populusque
677 3028 849 3100 patresque,

67 3114 254 3187 exposcunt,
276 3105 413 3185 mittique
434 3105 526 3177 viros,
550 3105 601 3185 qui
623 3114 704 3168 certa
725 3114 888 3187 reportent.

69 3193 112 3264 si,
135 3191 190 3252 tibi
212 3209 288 3270 quae
310 3208 417 3270 posco,
439 3191 618 3271 promittunt
639 3194 719 3267 (nam
742 3192 813 3253 mihi
836 3193 905 3253 lacti

70 3280 149 3338 lama
171 3284 217 3339 sat
238 3276 312 3352 est),
334 3276 448 3337 tumulo
471 3276 571 3337 videor
592 3278 725 3356 reperire
747 3276 801 3338 sub
825 3276 874 3338 illo

69 3379 160 3443 posse
181 3361 256 3422 viam
278 3360 315 3422 ad
336 3379 439 3423 muros
461 3369 491 3421 ct
512 3362 629 3422 moenia
651 3350 821 3422 Pallantea'

158 3445 312 3526 Obstipuit
333 3464 441 3526 magno
464 3446 584 3507 laudum
605 3464 764 3526 percussus
785 3463 885 3505 amore

70 3532 234 3613 Euryalus,
256 3531 345 3594 simul
366 3532 412 3593 bis
433 3531 584 3592 ardentem
607 3531 721 3591 adfatur
743 3530 885 3590 amicum:

160 3732 327 3788 tortoreto
345 3731 371 3784 lt
460 3737 504 3788 l'il
526 3737 610 3784 instat
627 3730 783 3803 PybcRibb.
872 3730 918 3782 173
943 3731 1035 3779 iuveni
1054 3741 1136 3780 comm

72 3801 147 3856 Serv.
238 3805 286 3856 tto
305 3804 339 3865 et]
358 3806 381 3853 tt
396 3799 487 3855 Moret.
505 3802 515 3853 l
533 3799 606 3853 Ribb.
693 3802 741 3855 189
759 3799 856 3866 sepulti
873 3799 942 3862 a¹my
955 3795 1026 3850 Serv.
