2474 4388
459 223 620 278 AENEIDOS
637 224 695 277 LlB.
709 223 749 280 Vl.

71 414 229 478 corporeae
252 397 399 458 excedunt
420 406 533 475 pestes,
555 397 734 477 penitusque
757 415 878 460 necesse
901 407 945 460 est

70 483 157 544 multa
179 482 229 544 diu
253 489 390 543 concreta
412 482 508 544 modis
529 482 693 544 inolescere
715 483 807 544 miris.

67 585 138 648 ergo
160 576 338 629 exercentur
358 567 464 648 poenis
484 575 676 645 veterumque
698 568 843 628 malorum

66 652 210 733 supplicia
232 651 419 732 expendunt:
442 652 514 712 oliae
535 651 709 731 panduntur
729 653 826 714 inanis

65 755 229 818 suspensae
250 737 287 798 ad
309 744 426 810 ventos,
448 737 512 798 aliis
533 736 588 798 sub
611 737 728 816 gurgite
749 746 829 799 vasto

65 821 210 884 infectum
232 821 342 883 eluitur
362 821 460 883 scelus
482 829 532 882 aut
553 821 686 882 exuritur
708 823 797 902 igni,

65 905 165 968 donec
185 907 273 987 longa
296 906 358 968 dies
379 907 513 986 perlecto
535 906 677 986 temporis
699 906 771 967 orbe

62 1001 236 1053 concretam
257 991 366 1052 exemit
385 991 481 1053 labem
503 1008 672 1070 purumque
693 991 835 1070 relinquit

64 1076 230 1138 aetherium
251 1094 371 1138 sensum
392 1084 480 1156 atque
503 1076 584 1137 aurai
605 1075 747 1154 simplicis
769 1076 878 1156 ignem.

63 1161 193 1241 quisque
215 1181 286 1223 suos
306 1161 436 1240 potimur
457 1161 568 1235 manis,
590 1161 696 1221 exinde
719 1178 774 1240 per
795 1160 925 1241 amplum

63 1245 211 1307 mittimur
231 1245 362 1326 Elysium
384 1254 414 1307 et
434 1246 521 1326 pauci
542 1245 617 1307 laeta
639 1263 706 1306 arva
728 1255 880 1320 tenemus;

63 1329 120 1391 bas
141 1331 253 1405 omnis,
276 1331 326 1392 ubi
349 1331 428 1392 mille
450 1340 545 1392 rotam
567 1330 683 1391 volvere
705 1349 759 1410 per
781 1349 890 1404 annos,

63 1415 227 1476 Lethaeum
250 1415 285 1477 ad
307 1415 427 1476 fluvium
449 1414 523 1477 deus
546 1424 647 1477 evocat
668 1415 785 1494 agmine
808 1433 931 1494 magno,

63 1499 178 1561 scilicet
198 1500 386 1563 immemores
407 1518 516 1580 supera
537 1508 571 1561 ut
593 1518 723 1561 convexa
744 1501 873 1561 revisant

63 1602 170 1647 rursus
187 1582 222 1646 'et
241 1585 386 1666 incipiant
406 1586 437 1647 in
461 1602 586 1665 corpora
608 1585 681 1646 velle
703 1580 829 1646 reverti.³

152 1669 270 1732 Dixerat
290 1671 434 1732 Anchises
455 1678 618 1749 notumque
640 1688 759 1749 unaque
781 1668 920 1750 Sibyllam

64 1764 232 1817 conventus
252 1755 343 1817 trahit
364 1755 395 1816 in
417 1755 530 1816 medios
550 1754 728 1833 turbamque
750 1763 921 1826 sonantem,

62 1848 95 1900 et
117 1841 263 1902 tumulum
284 1840 377 1920 capit,
400 1839 487 1901 unde·
503 1839 599 1901 omnis
620 1839 710 1919 longo
733 1839 837 1900 ordine
858 1846 959 1918 posset

61 1924 203 1986 adversos
222 1925 322 2006 legere
343 1932 373 1985 et
393 1925 564 1987 venientum
587 1924 700 1986 discere
722 1923 826 1985 voltus.
1046 1984 1053 1993 ,

58 2003 159 2070 ‘nunc
181 2027 250 2088 age,
272 2009 446 2071 Dardaniam
468 2009 583 2089 prolem
606 2027 681 2088 quae
703 2008 809 2069 deinde
832 2015 974 2086 sequatur

61 2093 172 2173 glorio,
196 2094 247 2174 qui
266 2105 408 2155 maneant
429 2093 499 2154 ltala
520 2093 558 2155 de
580 2102 668 2174 gente
690 2102 828 2173 nepotes,

62 2178 198 2240 inlustris
219 2179 331 2241 animas
352 2188 549 2258 nostrumque
571 2179 602 2240 in
627 2197 735 2240 nomen
757 2177 861 2250 ituras,

61 2263 216 2342 expediam
239 2263 326 2326 dictis
347 2273 377 2325 et
397 2272 427 2325 te
448 2273 499 2325 tua
520 2264 578 2325 lata
601 2264 723 2324 docebo.

61 2348 113 2408 ille
135 2348 253 2427 (rides),
275 2366 350 2429 pura
372 2349 487 2410 iuvenis
508 2348 559 2428 qui
581 2348 686 2408 nititur
707 2349 803 2422 basta,

62 2433 197 2512 proximo
218 2441 298 2495 sorte
319 2440 402 2495 tenet
416 2433 498 2502 ,lucis
518 2433 600 2507 loca,
622 2433 736 2512 primus
758 2433 793 2493 ad
816 2450 901 2495 auras

61 2517 208 2580 aetherias
229 2517 302 2579 ltolo
324 2518 500 2580 commixtus
521 2516 666 2598 sanguine
688 2526 802 2598 surget,

62 2601 186 2678 Silvius,
208 2601 355 2665 Albanum
378 2621 504 2678 nomen,
526 2611 576 2664 tua
597 2611 732 2681 postuma
755 2602 869 2683 proles,

61 2705 153 2766 quem
174 2686 227 2749 tibi
249 2688 393 2768 longaevo
415 2705 513 2750 serum
536 2687 656 2748 Lavinia
678 2687 809 2749 coniunx

61 2771 169 2833 educet
189 2771 269 2834 silvis
290 2791 390 2854 regem
412 2790 577 2853 regumque
598 2780 768 2852 parentem,

61 2857 144 2917 unde
164 2874 260 2936 genus
281 2857 383 2938 Longa
406 2865 541 2920 nostrum
563 2854 766 2918 dominabitur
787 2855 868 2916 Alba.

61 2941 216 3021 proximus
237 2941 286 3003 ille
308 2942 435 3014 Prooos,
458 2942 603 3003 Troianae
625 2941 717 3021 gloria
739 2941 851 3019 gentis,

60 3034 92 3087 et
114 3025 209 3107 Capys
231 3034 260 3087 et
280 3026 417 3088 Numitor
439 3034 485 3101 et,
507 3026 557 3106 qui
578 3034 608 3087 te
631 3025 752 3087 nomine
774 3025 890 3099 reddet,

60 3109 169 3171 Silvius
191 3112 319 3186 Aeneas,
341 3111 453 3192 pariter
472 3111 582 3192 pietate
603 3110 648 3171 vel
669 3111 758 3172 armis

60 3195 215 3274 egregius,
237 3195 262 3256 si
285 3214 424 3276 umquam
446 3195 627 3276 regnandam
650 3195 798 3276 acceperit
818 3194 931 3256 Albam.
1091 3207 1135 3257 tro

61 3280 113 3358 qui
134 3280 269 3342 iuvenesl
299 3289 425 3360 quantas
446 3289 597 3344 ostentant
620 3280 741 3360 (aspice)
762 3280 846 3341 virisl

59 3374 151 3444 atque
172 3364 308 3426 umbrata
329 3373 439 3446 gerunt
459 3365 536 3427 civili
556 3374 692 3445 tempora
714 3382 835 3444 quercu.

148 3550 197 3602 143
214 3564 293 3601 arcum
305 3585 312 3603 .
323 3585 331 3603 .
342 3564 434 3602 manco
451 3547 550 3602 Peerlk.
626 3546 702 3616 14314
719 3546 794 3599 Ribb.
807 3545 868 3599 edit.
880 3545 1044 3599 Parmensem
1056 3545 1133 3598 ulios-

80 3632 113 3670 ne
130 3621 236 3670 secntm
253 3617 344 3671 colloc.
363 3621 423 3684 poet
438 3621 501 3679 141;
519 3617 587 3670 idem
624 3631 678 3683 rop.
696 3615 794 3683 lleyne,
817 3615 866 3667 nisi
884 3619 998 3681 praestet
1015 3615 1134 3681 supposi-

60 3633 137 3738 gcloe
149 3684 251 3750 babere,
287 3684 339 3738 nod
351 3684 413 3737 lacit
424 3684 505 3738 Gebh.
556 3633 634 3738 vergo
649 3684 747 3735 amuda
759 3719 766 3735 .
780 3720 787 3735 .
804 3686 922 3733 tenemus
933 3680 1017 3734 domo.
1031 3680 1132 3735 Peerllr.

60 3754 113 3807 tm
128 3757 221 3805 notam
238 3701 340 3806 rogam
357 3756 441 3820 spreto
460 3753 660 3821 transpositione
677 3751 722 3803 ub.
734 3749 818 3802 Wirtb
836 3748 886 3802 BG.
906 3750 979 3813 1888,
998 3751 1054 3802 528.

61 3822 112 3875 'idd
128 3819 313 3887 mporotll¹
331 3820 405 3874 Ribb.
451 3820 618 3888 mparontP
669 3834 767 3886 mpero
784 3824 832 3870 out
849 3815 881 3867 12¹
985 3820 1032 3870 151
1051 3821 1085 3882 ot]
1103 3824 1135 3870 ot

59 3886 145 3942 damn.
162 3904 188 3941 r.
207 3891 258 3942 110
274 3904 347 3958 prop.
360 3887 400 3944 lll.
470 3888 562 3957 tddldt
581 3888 642 3942 secl.
657 3886 738 3940 Gebb.
807 3887 857 3938 tm
874 3889 957 3952 utque
973 3900 1045 3954 prop.
1058 3884 1134 3941 Ribb.

111 3977 230 4034 vargum.
966 3972 983 4024 9
