2286 4394
115 237 154 296 66
482 236 510 289 Ρ.
525 236 650 291 VERGlbl
667 236 812 291 hattonis

112 410 180 471 huic
202 410 255 469 uni
277 411 374 469 forsan
401 407 482 485 potui
504 408 698 470 succumbere
720 411 833 489 culpae.

112 497 212 569 Anna,
236 493 350 555 fatebor
372 492 465 565 enim,
488 493 587 555 miseri
609 495 754 573 postlata
777 496 901 576 Sychaei

113 579 247 658 coniugis
269 587 298 639 et
320 595 436 657 sparsos
459 578 587 639 fraterna
610 579 699 640 caede
722 580 850 659 penatis,

112 665 192 726 solus
213 663 261 726 hic
283 662 395 724 inflexit
415 680 521 724 sensus
542 663 732 743 animumque
753 665 901 726 labantem

111 749 236 829 impulit.
280 747 428 828 adgnosco
450 749 555 809 veteris
577 749 697 828 vestigia
719 750 863 811 dammae.

112 835 161 896 sed
185 833 255 895 mihi
277 833 322 893 vel
344 832 446 905 tellus,
470 843 584 912 optem,
607 833 690 912 prius
712 835 767 895 ima
791 835 921 897 dehiscat

110 921 156 981 vel
177 928 261 1000 pater
283 917 471 996 omnipotens
492 918 588 997 adigat
608 936 655 979 me
677 919 800 980 fulmine
821 920 858 980 ad
880 920 1015 995 umbras,

111 1005 247 1086 pallentis
268 1003 388 1064 umbras
410 1001 499 1063 Erebi
521 1012 699 1082 noctemque
720 1005 913 1084 profundam,

111 1101 194 1165 aute,
217 1089 328 1169 pudor,
351 1105 437 1165 quam
460 1096 488 1149 te
511 1087 586 1148 violo
609 1097 659 1149 aut
680 1097 730 1149 tua
752 1090 816 1150 iura
838 1091 962 1152 resolvo.

111 1177 159 1237 ille
182 1193 278 1247 meos,
301 1172 414 1252 primus
437 1172 486 1251 qui
508 1191 555 1234 me
578 1173 633 1234 sibi
655 1173 766 1249 iunxit,
789 1193 904 1237 amores

111 1260 245 1330 abstulit,
267 1257 315 1318 ille
336 1254 443 1317 habeat
463 1276 563 1319 secum
585 1268 738 1339 servetque
760 1251 922 1339 scpulcru.'

110 1345 153 1406 sic
175 1344 260 1404 ellata
282 1343 379 1403 sinum
402 1342 529 1404 lacrimis
551 1343 681 1422 implevit
703 1344 825 1406 obortis.

195 1431 281 1489 Anna
302 1426 407 1487 relert:
427 1420 458 1488 ‘o
481 1428 546 1489 luce
568 1429 661 1508 magis
683 1429 786 1492 dilecta
809 1430 921 1504 sorori,

111 1514 211 1576 solane
233 1522 376 1592 perpetua
398 1529 532 1575 maerens
554 1531 676 1592 carpere
696 1515 814 1576 iuventa

111 1618 167 1660 nec
190 1598 283 1659 dulcis
306 1608 392 1658 natos
413 1597 536 1660 Veneris
558 1617 614 1659 nec
635 1599 766 1678 praemia
788 1597 892 1662 noris?

110 1684 138 1744 id
162 1684 292 1744 cinerem
315 1693 365 1743 aut
387 1683 481 1743 manis
503 1683 597 1744 credis
619 1701 723 1745 curare
745 1682 899 1765 sepultos?

111 1777 189 1830 estc:
213 1786 329 1847 aegram
351 1767 425 1828 nulli
448 1769 596 1846 quondam
618 1769 726 1830 flexere
748 1770 860 1844 mariti,

111 1874 171 1916 non
195 1853 320 1935 Libyae,
344 1872 403 1913 non
427 1862 495 1914 ante
517 1853 610 1933 Tyro;
634 1854 789 1935 despectus
810 1855 910 1917 larbas

110 1941 307 2018 ductoresque
330 1939 392 2012 alii,
417 1956 491 2016 quos
514 1938 610 1998 Africa
632 1947 711 2000 terra
732 1939 889 2019 triumphis

110 2026 189 2088 dives
212 2025 278 2099 alit3
299 2023 447 2104 placitone
470 2023 555 2084 etiam
578 2024 725 2103 pugnabis
747 2023 862 2085 amori?

111 2131 167 2173 nec
188 2111 269 2172 venit
290 2111 319 2170 in
343 2116 488 2184 mentem,
510 2127 636 2188 quorum
659 2109 828 2171 consederis
851 2108 949 2171 arvis?

111 2197 180 2258 hinc
204 2195 341 2257 Gaetulae
362 2192 467 2265 urbes,
490 2212 584 2273 genus
605 2193 805 2274 insuperabile
828 2194 921 2267 bello,

111 2293 140 2342 et
162 2279 304 2341 Numidae
325 2279 435 2339 inlreni
457 2279 581 2357 cingunt
604 2290 632 2339 et
654 2280 800 2360 inhospita
823 2280 931 2360 Syrtim

110 2367 181 2426 hinc
203 2366 316 2425 deserta
339 2364 386 2423 siti
408 2363 489 2442 regio
511 2364 628 2443 lateque
649 2364 782 2426 furentes

111 2450 239 2509 barcaei.
282 2447 353 2526 quid
376 2447 450 2508 bella
472 2447 550 2527 Tyro
573 2450 724 2528 surgentia
746 2449 840 2510 dicam

111 2534 302 2613 germanique
324 2530 441 2593 minas?

112 2619 156 2680 dis
178 2618 313 2696 equidem
338 2617 505 2697 auspicibus
528 2636 596 2679 reor
618 2627 648 2678 et
669 2616 784 2679 lunone
806 2617 936 2679 secunda

111 2706 191 2764 hunc
213 2722 332 2765 cursum
355 2702 456 2765 lliacas
476 2714 565 2765 vento
587 2703 718 2764 tenuisse
741 2704 862 2764 carinas.

112 2807 199 2868 quam
221 2799 253 2849 tu
276 2790 396 2863 urbem,
419 2809 518 2864 soror,
540 2790 618 2849 hanc
640 2806 759 2863 cernes,
783 2806 858 2867 quae
879 2805 1002 2867 surgere
1024 2804 1109 2866 regna

112 2873 249 2953 coniugio
272 2874 336 2934 talil
360 2876 507 2936 Teucrum
530 2872 740 2936 comitantibus
761 2873 849 2934 armis

111 2959 222 3019 Punica
244 2978 275 3020 se
298 2961 416 3037 quantis
437 2961 550 3022 attollet
571 2959 664 3040 gloria
686 2959 790 3020 rebusl

110 3054 143 3104 tu
165 3043 252 3105 modo
276 3062 365 3122 posce
387 3045 457 3106 deos
479 3046 592 3105 reniam
614 3044 765 3122 sacrisque
785 3044 874 3105 litatis

111 3128 231 3206 indulge
253 3129 380 3207 hospitio
404 3148 564 3208 causasque
587 3130 706 3189 innecte
728 3128 878 3202 morandi,

111 3213 179 3274 dum
203 3215 306 3292 pelago
330 3212 457 3274 desaevit
478 3214 571 3275 hiems
594 3224 623 3274 ot
644 3232 772 3292 aquosus
795 3213 904 3286 Orion,

111 3309 322 3377 quassataeque
345 3308 435 3371 rates,
458 3299 526 3360 dum
551 3318 612 3359 non
634 3297 787 3360 tractabile
810 3292 941 3359 caelum?

197 3385 248 3444 llis
269 3383 353 3444 dictis
376 3383 530 3444 incensum
553 3384 683 3445 animum
705 3384 894 3445 inllammavit
916 3400 1016 3444 amore

197 3570 228 3620 21
248 3567 308 3619 secl.
327 3566 427 3618 Peerlk.
507 3569 539 3619 25
557 3569 651 3632 adigat
667 3566 732 3636 Fy¹g
743 3566 817 3618 Ribh.
899 3568 931 3618 26
949 3565 1036 3615 Erebo
1054 3562 1142 3615 FGP¹

113 3636 183 3688 Serv.
202 3636 275 3687 Ribh.
363 3639 392 3688 ll
413 3635 495 3686 damn.
514 3634 621 3687 lleldtm.
642 3638 716 3699 1885,
735 3634 784 3686 Vll.
862 3637 894 3686 tt
905 3649 926 3688 s.
945 3633 984 3685 lll.
1003 3631 1101 3684 mavult
1140 3653 1143 3670 ι

111 3704 245 3756 Nuruidae
266 3703 333 3766 infru
352 3722 373 3758 c.
391 3720 440 3755 om.
459 3703 545 3755 verbis
563 3707 588 3753 ct
606 3743 612 3757 .
631 3742 637 3755 .
655 3707 739 3768 ragio.
809 3707 836 3753 at
860 3703 963 3767 irthosp.
983 3702 1009 3752 S.
1029 3703 1106 3765 tine,
1132 3721 1143 3740 o

111 3790 132 3823 r.
150 3791 172 3823 r.
192 3789 263 3840 prop.
282 3771 357 3826 Bihr.
382 3775 455 3833 1881,
474 3773 531 3824 801.
635 3787 658 3824 r.
678 3775 707 3824 51
734 3771 830 3837 optime
854 3770 994 3822 orationem
1013 3767 1102 3820 honae
1119 3782 1143 3818 cr

111 3840 179 3890 cludi
198 3845 271 3906 putat
287 3841 374 3901 Ribh.;
394 3847 419 3892 et
437 3840 519 3891 damu.
539 3843 570 3893 53
590 3840 652 3890 dum
665 3877 671 3890 .
684 3877 690 3891 .
705 3840 814 3889 coctum.
888 3841 921 3889 51
938 3840 1085 3900 incensum]
1096 3852 1131 3902 pc

110 3905 144 3956 Ρι
179 3910 297 3974 impenso
315 3908 380 3958 1ἾΡ2
397 3909 438 3972 (cl.
458 3907 529 3959 Serr.
548 3909 592 3975 pl.)
611 3905 684 3960 Ribh.
754 3909 901 3968 flammavit
918 3904 1008 3957 FP¹Rc
1025 3904 1101 3957 Ribh.
