2474 4388
415 233 574 288 nanninus
592 235 651 289 LlB.
664 236 724 289 Vlll.

12 411 134 471 fecerat
156 408 345 489 Ignipotens,
367 408 426 469 illic
448 426 542 487 genus
565 425 653 469 omne
677 409 791 469 suturae

14 494 125 575 stirpis
148 494 185 555 ab
207 493 331 555 Ascanio
354 501 542 574 pugnataque
565 493 595 554 in
619 493 722 554 ordine
746 492 829 554 bella.

19 581 137 641 lecerat
159 587 189 640 et
209 579 292 640 viridi
315 579 403 640 letam
426 577 563 639 Mavortis
584 578 615 638 in
639 587 724 639 antro

20 664 221 745 procubuisse
242 664 357 744 lupam,
379 663 515 742 geminos
536 663 605 723 huic
627 662 718 723 ubera
741 663 852 725 circum

25 749 130 811 ludere
151 748 309 830 pendentis
329 767 440 829 pueros
462 756 492 809 et
513 746 643 808 lambere
664 756 786 808 matrem

25 834 206 914 impavidos,
228 833 307 895 illam
328 833 415 895 tereti
437 833 550 894 cervice
571 833 709 894 rellexam

27 919 161 980 mulcere
183 918 312 980 alternos
334 927 364 978 et
385 935 511 997 corpora
532 918 644 997 fingere
666 917 776 998 lingua.
801 951 838 962 -

30 1023 86 1066 nec
108 1002 214 1083 procul
235 1003 305 1064 hinc
326 1003 450 1064 Romam
473 1010 502 1063 et
524 1010 622 1083 raptas
644 1003 708 1063 sinc
730 1020 813 1063 more
836 1003 958 1065 Sabinas
1076 1047 1079 1053 ·

30 1107 174 1150 consessu
195 1106 299 1150 caveae
320 1087 434 1167 magnis
455 1086 639 1149 circensibus
660 1087 733 1148 actis

31 1173 182 1235 addiderat
201 1172 360 1252 subitoque
382 1191 492 1234 norum
514 1189 695 1250 consurgere
717 1170 827 1233 bellum

31 1258 195 1320 Romulidis
216 1257 361 1337 Tatioque
381 1257 445 1320 seni
468 1256 654 1335 Curibusque
675 1256 793 1319 severis.

31 1354 100 1423 post
121 1342 198 1404 idem
221 1343 300 1404 inter
320 1361 352 1404 sc
373 1343 470 1422 posito
492 1342 652 1404 certamine
675 1360 760 1422 reges

32 1427 136 1489 armati
158 1427 233 1489 loris
255 1435 323 1489 ante
344 1446 425 1489 aram
446 1436 621 1507 paterasque
642 1435 779 1489 tenentes

32 1515 149 1575 stabant
170 1520 200 1574 et
220 1529 305 1574 caesa
326 1512 629 1592 iungebantnloedera
649 1530 749 1592 porca.
773 1547 814 1558 -

34 1599 113 1659 band
135 1598 240 1678 procul
261 1597 330 1659 inde
352 1599 426 1659 citae
448 1597 572 1658 Mettum
595 1596 625 1657 in
649 1596 761 1658 diversa
783 1597 941 1677 quadrigae

34 1682 211 1745 distulerant
232 1683 275 1762 (at
296 1692 328 1744 tu
351 1682 450 1755 dictis,
473 1681 602 1753 Albane,
625 1700 760 1744 maneres
769 1682 789 1758 l)

34 1768 229 1848 raptabatque
251 1767 305 1828 viri
327 1766 476 1829 mendacis
497 1767 608 1828 viscera
631 1765 734 1842 Tullus

35 1870 92 1934 per
113 1853 213 1914 silvam
236 1860 267 1913 et
285 1852 378 1932 sparsi
401 1852 543 1914 rorabant
564 1851 709 1930 sanguina
730 1869 843 1931 vepres.

123 1938 184 1999 Nec
206 1956 268 1998 non
289 1937 483 2016 Tarquinium
505 1937 631 1998 eiectum
653 1935 805 1996 Porsenna
828 1933 949 1995 iubebat

35 2023 173 2103 accipere
195 2023 370 2103 ingentique
391 2021 496 2083 urbem
519 2021 672 2083 obsidione
694 2020 861 2100 premebat;

37 2108 192 2170 Aeneadae
214 2107 246 2168 in
268 2108 380 2168 serrum
402 2125 457 2186 pro
478 2106 614 2168 libertate
636 2104 772 2167 ruebant.

39 2193 122 2254 illum
144 2191 310 2272 indignanti
331 2191 456 2253 similem
477 2191 662 2269 similemque
683 2189 808 2251 minanti

38 2277 203 2358 aspiceres,
224 2285 347 2358 pontem
367 2277 490 2338 auderet
510 2277 579 2355 quia
600 2275 707 2337 vellere
730 2274 832 2336 Cocles

40 2371 71 2423 et
93 2363 213 2423 llurium
234 2361 478 2423 vinclisinnaret
499 2360 607 2422 Cloelia
628 2361 732 2440 ruptis.
755 2394 796 2405 -

41 2448 74 2508 in
96 2464 212 2508 summo
234 2454 334 2508 eustos
356 2445 497 2526 Tarpeiae
520 2445 645 2507 Manlius
667 2445 743 2507 arcis

43 2531 139 2594 stabat
160 2550 215 2611 pro
237 2531 349 2612 templo
371 2540 401 2592 et
422 2530 563 2611 Capitolia
586 2531 663 2592 celsa
684 2529 820 2600 tenebat,

43 2616 248 2696 Romuleoque
270 2635 376 2678 reeens
397 2614 537 2678 horrebat
559 2616 639 2694 regia
661 2615 769 2676 culmo.

44 2710 133 2781 atque
154 2701 203 2764 hic
225 2702 334 2766 auratis
355 2701 479 2762 volitans
501 2709 660 2780 argenteus
674 2719 767 2761 anser

45 2786 210 2867 porticibus
232 2785 329 2848 Gades
349 2787 381 2847 in
403 2786 505 2847 limine
527 2785 628 2847 adesse
651 2783 791 2859 canebat;

46 2872 119 2933 Galli
141 2889 195 2952 per
216 2872 321 2933 dumos
342 2871 463 2934 aderant
484 2888 641 2949 arcemque
662 2869 804 2930 tenebant

46 2957 161 3019 defensi
182 2956 314 3018 tenebris
336 2965 365 3017 et
386 2956 465 3017 dono
488 2954 584 3017 noctis
606 2970 728 3033 opacae:

46 3059 137 3103 aurea
159 3041 300 3103 caesaries
321 3041 387 3103 ollis
409 3049 497 3119 atque
519 3056 607 3100 aurea
627 3037 731 3111 vestis,

48 3126 167 3205 virgatis
188 3126 290 3189 lucent
311 3126 434 3207 sagulis,
456 3136 519 3187 tum
542 3123 635 3185 lactea
657 3123 731 3185 colla

49 3229 121 3273 auro
144 3211 352 3286 innectuntur,
376 3211 435 3273 duo
457 3210 584 3289 quisque
606 3208 711 3288 Alpina
734 3213 894 3269 coruscant

50 3314 137 3375 gaesa
159 3314 249 3358 manu
271 3297 364 3358 scutis
384 3295 511 3377 protecti
533 3311 659 3374 corpora
682 3292 789 3374 longis.

52 3381 99 3443 bic
122 3381 296 3443 exsultantis
319 3381 412 3443 Salios
434 3381 589 3459 nudosque
611 3379 764 3459 Lupercos

51 3466 258 3546 lanigerosque
280 3466 378 3545 apices
400 3465 529 3544 etlapsa
554 3463 660 3525 ancilia
682 3462 763 3525 caelo

53 3633 95 3686 vel
114 3631 207 3697 salig
254 3625 369 3700 ‘quidam
396 3647 436 3699 ap.
455 3630 527 3683 Serv.
547 3629 582 3697 pl.
600 3644 625 3682 v.
644 3626 771 3681 damnant.
860 3625 909 3678 619
926 3622 1129 3723 pugnandoque

54 3717 129 3821 ΡῘ11·
142 3699 233 3820 opt.
258 3702 360 3820 n1⁶³ll
369 3699 403 3818 tl
416 3696 646 3817 ‘llllllllll'
678 3696 775 3815 llll
784 3689 998 3812 'abradit
998 3687 1130 3809 ’111111

53 3773 297 3958 fflmtassgzpnrlpb
343 3783 471 3902 tiginga
489 3835 535 3887 641
557 3781 609 3887 εἶα.
628 3779 668 3885 emd.
686 3800 844 3897 rumpes.
856 3795 957 3879 l’eerlll.
970 3824 1029 3878 lad.
1043 3823 1131 3883 Ribb.;

54 3919 104 3974 pce
225 3920 278 3956 era
298 3941 304 3957 .
