2474 4388
452 255 613 308 anvarnus
630 255 688 312 LlB.
706 256 747 309 lv,

46 429 250 508 effigiemque
272 437 337 488 toro
360 429 437 490 locat
459 428 537 489 haud
559 428 660 506 ignara
683 429 784 490 loturi.

49 523 137 576 stant
162 532 230 574 arae
253 513 380 587 circum,
404 522 434 574 et
455 514 546 575 crinis
568 514 659 574 effusa
681 516 817 576 sacerdos

50 609 103 660 ter
128 608 251 660 centum
275 607 358 659 tonat
380 617 431 659 ore
453 599 537 672 deos,
562 598 751 678 Erebumque
774 601 928 678 Chaosque

54 684 315 763 tergeminamque
337 684 485 755 Hecaten,
507 684 562 744 tria
583 684 705 762 virginis
728 703 777 745 ora
800 687 918 746 Dianae.

56 778 209 848 sparserat
231 776 261 829 et
281 769 381 830 latices
403 769 554 830 simulatos
576 769 666 829 lontis
689 769 811 844 dverni,

58 853 186 915 falcibus
208 862 238 915 et
259 871 369 915 messae
393 854 427 913 ad
449 854 550 914 lunam
574 865 759 932 quaeruntur
781 855 863 916 aenis

58 938 210 1019 pubentes
232 938 340 999 herbae
362 938 440 1017 nigri
462 957 530 999 cum
553 939 627 999 laete
651 941 771 1013 veneni;

61 1024 214 1103 quaeritur
236 1031 266 1084 et
287 1023 435 1084 nascentis
457 1024 524 1102 equi
547 1022 583 1084 de
605 1025 705 1084 fronte
728 1025 858 1086 revolsus

62 1121 92 1170 et
113 1109 200 1170 matri
222 1116 395 1189 praereptus
417 1126 508 1169 amor.

62 1195 124 1274 ipsa
146 1194 224 1254 mola
246 1193 439 1272 manibusque
459 1193 517 1273 piis
539 1193 639 1253 altaria
659 1194 738 1254 iuxta

64 1298 155 1340 unum
179 1287 265 1340 exuta
286 1278 391 1358 pedem
412 1278 516 1339 vinclis
537 1279 568 1338 in
591 1289 671 1339 veste
693 1280 823 1340 recincta

62 1373 186 1425 testatur
206 1363 350 1425 moritura
372 1364 443 1425 deos
465 1374 495 1424 ct
517 1364 634 1424 conscia
657 1364 707 1424 lati

63 1449 172 1524 sidera;
195 1458 273 1522 tum,
295 1449 321 1510 si
343 1449 422 1527 quod
445 1467 506 1509 non
530 1466 624 1527 aequo
647 1448 764 1510 loedere
787 1449 911 1510 amantis

63 1552 151 1595 curae
173 1553 285 1596 numen
307 1534 397 1595 babet
417 1533 586 1612 iustumque
607 1552 795 1613 memorque,
819 1545 966 1613 precatur.

69 1644 114 1706 ‚2
145 1619 211 1679 Nox
232 1626 295 1680 erat
316 1628 346 1680 et
367 1618 514 1698 placidum
537 1619 698 1697 carpebant
719 1620 793 1680 sessa
816 1639 968 1698 soporem>

63 1722 187 1784 corpora
210 1722 265 1783 per
286 1713 379 1765 terras
400 1704 546 1783 silvaeque
568 1712 598 1763 et
618 1723 701 1766 saeva
724 1705 863 1783 quierant

63 1807 206 1868 aequora,
229 1806 295 1849 cum
319 1788 415 1850 medio
437 1789 595 1850 volvuntur
616 1789 711 1850 sidera
733 1790 831 1869 lapsu,

63 1892 129 1935 cum
152 1882 230 1934 tacet
252 1874 348 1935 omnis
370 1893 454 1953 ager,
477 1874 606 1953 pecudes
627 1875 781 1953 pictaeque
802 1874 952 1948 veletrae,

61 1977 196 2039 quaeque
217 1959 299 2020 lacus
321 1958 377 2019 late
399 1958 542 2038 liquidos,
566 1977 699 2038 quaeque
722 1978 825 2039 aspera
847 1960 943 2020 dumis

60 2063 130 2104 rura
152 2052 272 2115 tenent,
295 2062 400 2104 somno
422 2044 536 2124 positae
558 2043 613 2105 sub
636 2053 723 2105 nocte
745 2044 852 2105 silenti.

60 2129 188 2190 invident
211 2147 295 2190 curos
316 2140 344 2191 et
365 2131 450 2191 corda
473 2128 558 2190 oblitu
581 2129 720 2190 laborum.

60 2223 90 2274 at
111 2233 175 2275 non
197 2213 299 2274 infelix
322 2213 410 2275 animi
434 2213 595 2274 Phoenissa
617 2233 714 2292 neque
736 2231 875 2293 umquam

60 2299 184 2360 solvitur
205 2299 235 2359 in
259 2317 381 2360 somnos
402 2299 529 2360 oculisve
552 2307 602 2359 aut
623 2308 744 2378 pectore
766 2309 884 2360 noctem

59 2384 183 2462 accipit:
206 2384 390 2463 ingeminant
411 2402 500 2444 curae
521 2402 683 2463 rursusque
705 2402 865 2463 resurgens

59 2469 152 2531 saevit
173 2486 255 2529 amor
276 2487 443 2548 magnoque
464 2469 575 2530 irarum
597 2470 720 2530 fluctuat
741 2478 832 2531 aestu.

61 2555 104 2615 sic
126 2553 199 2614 adeo
222 2553 332 2615 insistit
352 2572 513 2633 secumque
534 2554 573 2614 ita
597 2554 686 2615 corde
707 2554 832 2616 volutat:
871 2597 873 2601 ι

58 2634 127 2712 ‘en‚
153 2638 222 2717 quid
244 2637 321 2718 ago?
343 2656 488 2700 rursusne
509 2657 617 2719 procos
637 2640 728 2701 inrisa
751 2641 866 2719 priores

61 2723 198 2803 experiar
218 2724 444 2803 Nomadumque
465 2733 563 2804 petam
586 2725 712 2785 conubia
733 2726 873 2804 supplex,

61 2828 138 2888 quos
160 2827 215 2888 ego
236 2809 291 2870 sim
314 2808 424 2870 totiens
445 2809 502 2870 iam
525 2809 679 2889 dedignata
701 2807 843 2871 maritos?

60 2894 163 2955 Iliacas
184 2893 274 2972 igitur
295 2893 394 2955 classis
416 2903 503 2973 atque
526 2895 626 2955 ultima
649 2895 796 2956 Teucrum

61 2980 141 3041 iussa
163 2976 292 3057 sequar?
315 2979 423 3058 quiane
445 2980 552 3042 auxilio
575 2980 653 3040 iuvat
674 2989 742 3041 ante
765 2980 874 3041 levatos

62 3073 92 3125 et
113 3063 191 3124 benc
213 3064 290 3144 apud
313 3082 458 3126 memores
480 3065 585 3126 veteris
606 3073 662 3126 stat
683 3065 775 3144 gratia
796 3062 888 3125 laeti‘l

62 3149 129 3227 quis
152 3166 200 3208 me
221 3157 335 3223 autem,
357 3151 403 3210 lac
424 3149 512 3224 velle,
534 3148 613 3210 sinet
634 3149 781 3212 ratibusve
802 3149 938 3230 superbis

62 3233 185 3294 invisam
208 3231 354 3313 accipiet?
378 3235 472 3296 neseis
494 3235 567 3308 beu,
589 3234 718 3314 perdita,
742 3236 867 3297 necdum

62 3319 299 3380 Laomedonteae
323 3320 414 3380 sentis
435 3319 565 3399 periuria
587 3317 706 3399 gentis?

62 3404 133 3483 quid
156 3400 242 3464 tum?
264 3403 326 3464 sola
348 3405 417 3484 luga
440 3415 544 3466 nautas
565 3405 728 3465 comitabor
750 3401 886 3465 ovantis?

61 3508 99 3550 an
123 3487 220 3569 Tyriis
243 3488 382 3568 omnique
404 3507 493 3550 manu
516 3489 620 3569 stipata
643 3508 777 3551 meorum

61 3575 175 3635 inserar
197 3582 240 3647 et,
263 3591 338 3653 quos
361 3575 479 3636 Sidonia
501 3575 548 3635 vix
570 3575 644 3636 urbe
666 3575 782 3647 revelli,
1091 3579 1134 3629 uto

61 3677 167 3721 rursus
188 3676 271 3739 agam
293 3659 397 3739 pelago
421 3668 450 3720 et
471 3660 566 3721 ventis
587 3660 657 3721 dare
680 3661 740 3721 vela
763 3656 895 3720 iubebo?

149 3811 198 3862 bl'l
216 3808 315 3860 molam
331 3808 502 3879 arpenn,
522 3810 554 3861 cl.
573 3810 604 3862 ed
623 3812 681 3864 486.
729 3812 812 3875 piam
831 3807 900 3860 Eros.
979 3808 1027 3859 528
1046 3803 1133 3869 (mlx

60 3875 405 4015 Ξέξξπῗιέῐλὲῐέῐγέῑὺῖοῑω.
484 3880 533 3931 529
551 3894 599 3931 nec
617 3879 675 3930 libri
693 3893 729 3944 pr.
748 3876 820 3929 ΜΨι
899 3879 945 3929 541
966 3878 1079 3926 larbam
1096 3871 1135 3925 Μ’
