2286 4394
451 100 619 175 aunumos'
629 123 689 176 ue.
705 122 737 176 x.

10 266 287 374 Qnudumque
308 294 415 356 dueem
437 294 615 373 rapiuntque
636 294 673 354 ad
694 294 781 356 htora
801 314 916 360 currus.
980 318 983 323 ·

153 380 272 442 Interea
294 379 402 458 biiugis
424 379 514 440 infert
535 397 567 439 se
590 377 726 457 Lucagus
748 380 822 444 albis

118 465 236 528 medios
258 465 410 543 fraterque
432 464 535 544 Liger;
557 464 608 526 sed
628 465 722 526 frater
743 465 867 529 habenis

10 512 162 691 but
183 569 292 628 equos,
314 550 449 611 strictum
471 556 548 610 rotat
568 567 637 610 aeor
658 550 795 630 Lucagus
817 571 929 614 ensem.

10 708 13 713 ,
97 636 150 699 ud
170 636 237 698 tulit
258 637 374 697 Aeneas
394 644 478 696 tanto
500 635 616 696 terrore
638 635 780 713 iurentis3

10 688 164 782 {truh
184 720 364 799 adversaque
385 719 492 798 ingens
513 719 650 799 apparuit
671 721 762 782 basta.

29 802 119 868 *fui
138 804 243 884 Liger:

29 860 142 953 'Qu
166 889 316 952 Diomedis
336 908 430 969 equos
452 907 508 950 neo
529 907 651 951 currum
673 889 771 952 cernis
793 891 897 952 Achilli

21 972 119 1039 'Mt
139 975 286 1056 Phrygiae
307 991 442 1054 eampos;
466 992 548 1035 nuno
571 973 640 1034 betti
662 976 730 1036 fluis
752 983 782 1037 et
803 977 865 1038 aeri

67 1048 115 1125 bh
137 1059 256 1122 dabitur
277 1055 388 1121 terris.'
434 1077 542 1120 vesano
563 1059 632 1120 talia
654 1059 710 1121 late

73 1142 146 1209 dieta
168 1145 270 1206 rolant
290 1143 399 1223 Ligeri.
443 1145 493 1206 sed
519 1163 579 1206 uon
602 1153 632 1205 et
653 1144 761 1206 Troius
782 1145 872 1206 heros

74 1227 147 1292 diota
168 1241 254 1311 parat
276 1239 394 1306 eontra;
416 1230 546 1291 iaculum
568 1247 636 1290 nam
658 1240 778 1309 torquet
797 1230 829 1290 in
852 1231 977 1294 hostem.

74 1313 208 1396 hueagus
229 1324 263 1376 ut
284 1332 398 1394 pronus
419 1314 554 1395 pendens
576 1315 607 1375 iu
631 1316 753 1376 verbera
775 1315 834 1375 telo

72 1400 225 1464 admonuit
245 1399 377 1477 biiugos,
398 1399 531 1479 proiecto
553 1401 624 1460 dum
646 1401 721 1480 pede
743 1401 825 1461 laevo

70 1494 150 1567 aptat
171 1504 205 1547 se
226 1501 359 1564 pugnae,
380 1484 460 1546 subit
479 1503 548 1547 oras
569 1486 649 1546 hasta
672 1503 726 1564 per
746 1485 819 1546 imas

71 1570 214 1650 fulgentis
235 1569 337 1650 clipei,
358 1577 424 1630 tum
445 1569 559 1631 laevum
581 1571 713 1649 perforat
734 1570 863 1649 inguen;

68 1674 215 1718 exeussus
236 1672 328 1717 ourru
349 1654 546 1716 moribundus
568 1654 693 1717 volvitur
714 1655 800 1716 arvis.

69 1759 161 1821 quem
181 1740 250 1819 pius
271 1743 386 1802 Aeneas
407 1739 493 1801 dietis
514 1741 630 1801 adfatur
650 1740 772 1802 amaris:

64 1819 216 1904 ‘Lucage‚
239 1825 320 1886 nulla
342 1834 411 1886 tuos
432 1843 538 1887 currus
558 1825 629 1903 iuga
650 1825 750 1904 segnis
772 1843 918 1904 equorum

67 1910 200 1992 prodidit
220 1919 272 1971 aut
293 1928 383 1971 vanae
403 1918 519 1971 vertere
542 1928 578 1971 ex
599 1909 733 1972 hostibus
755 1911 892 1985 umbrae;

67 1997 134 2078 ipse
155 1995 229 2057 rotis
250 1995 357 2057 sabens
378 1995 445 2073 iuga
467 1991 602 2056 deseris'
648 1996 721 2055 haeo
742 1995 782 2056 ita
803 1997 879 2057 fatus

65 2079 197 2160 arripuit
218 2080 345 2161 biiugos.
388 2080 480 2141 irater
502 2079 642 2142 tendehat
664 2080 769 2142 inertis

66 2166 173 2228 insehx
193 2165 304 2247 palmas
325 2182 417 2227 eurru
439 2165 576 2245 delapsus
598 2165 717 2227 eodem:

64 2248 138 2333 ‘per
158 2262 203 2324 te,
226 2268 281 2330 per
302 2250 353 2330 qui
374 2260 404 2312 te
426 2250 515 2311 talem
536 2269 669 2329 genuere
690 2261 846 2330 parentes,

68 2337 115 2397 vir
136 2335 280 2411 Troiane,
302 2335 368 2397 sine
389 2336 467 2397 hane
488 2335 615 2396 animam
637 2345 667 2397 et
687 2335 829 2396 miserere
851 2330 1031 2416 precantisi'

68 2421 208 2502 pluribus
230 2419 327 2482 oranti
349 2423 477 2483 deneas:
496 2415 589 2482 ‘haud
612 2420 678 2483 talia
700 2421 812 2482 dudum

67 2507 150 2568 dieta
170 2505 270 2567 dabas.
313 2524 430 2567 morere
452 2518 482 2567 et
503 2508 624 2568 fratrem
647 2524 685 2567 ue
707 2507 810 2568 desere
832 2502 948 2567 frater.'

68 2601 151 2666 tum,
174 2590 300 2652 latebras
321 2591 452 2666 animae,
475 2602 580 2671 peetus
600 2611 745 2653 mucrone
767 2592 902 2653 reoludit.

155 2674 237 2737 Talia
259 2694 313 2756 per
334 2695 456 2756 campos
476 2676 581 2738 edebat
602 2677 708 2739 funera
730 2676 837 2737 duotor

68 2760 237 2822 Dardanius
257 2761 401 2823 torrentis
421 2780 516 2841 aquae
538 2762 583 2823 vel
605 2761 733 2823 turbinis
754 2761 811 2821 atri

69 2864 156 2908 more
177 2847 296 2908 furens:
318 2845 439 2908 tandem
459 2857 623 2926 erumpunt
644 2858 674 2908 et
696 2854 790 2907 eastra
813 2845 986 2922 relinquunt

69 2929 215 2994 Ascanius
235 2950 311 3011 puer
333 2942 362 2992 et
384 2932 564 3010 nequiquam
586 2932 706 2993 obsessa
728 2930 875 2992 iuventus.

87 3038 88 3043 ¹
156 3015 303 3077 lunonem
324 3016 439 3078 interea
461 3017 619 3096 compellat
639 3015 773 3096 luppiter
795 3017 888 3076 ultro:

65 3093 99 3162 ‘o
121 3118 262 3179 germana
284 3100 356 3162 mihi
378 3110 466 3181 atque
488 3101 590 3163 eadem
612 3101 776 3182 gratissima
798 3101 944 3175 coniunx,

69 3195 105 3247 ut
125 3185 248 3258 rebare,
271 3184 370 3248 Venus
392 3188 463 3262 (neo
483 3198 514 3248 te
536 3187 683 3249 sententia
705 3187 788 3263 fallit)

69 3271 215 3333 Troianas
236 3278 382 3332 sustentat
404 3291 492 3351 opes,
515 3292 576 3333 non
600 3272 692 3333 vivida
715 3272 792 3333 helio

69 3356 173 3418 dextra
194 3355 263 3418 viris
285 3355 460 3436 animusque
482 3359 565 3418 ferox
588 3358 763 3437 patiensque
784 3354 915 3436 parieli'
1103 3363 1119 3413 6

67 3440 118 3503 eui
140 3439 216 3502 luno
239 3440 399 3503 submissa:
425 3436 526 3521 ‘quid‚
550 3463 567 3502 o
589 3442 788 3521 pulcherrime
810 3441 957 3512 coniunx,

67 3525 210 3587 solhoitas
231 3544 349 3606 aegram
371 3535 401 3588 et
423 3538 473 3589 tua
495 3527 588 3588 tristia
610 3527 688 3588 iussa
709 3522 886 3587 timentem?

156 3679 207 3729 575
225 3678 296 3742 bigis
313 3675 364 3747 Py¹
451 3680 499 3730 585
524 3681 618 3727 eontra
702 3678 802 3726 hostem
820 3679 939 3740 suspecta
959 3671 1095 3737 Wagnero.

70 3747 159 3797 beatae
170 3743 235 3815 P'ye
270 3743 455 3797 ΙιοείίεΡῑΒπι
524 3746 573 3797 588
592 3748 666 3808 aptet
683 3741 820 3813 Py¹1tihh
894 3743 943 3794 595
962 3743 1073 3791 inerrate
1084 3739 1141 3811 1³¹7

71 3815 119 3866 eet
137 3815 240 3879 poetata]
254 3815 363 3878 perettus
380 3811 404 3865 J.
417 3813 457 3867 Fr.
469 3810 550 3864 Jaeob
563 3812 643 3864 Lucil.
657 3814 730 3865 Aetn.
747 3812 802 3863 139.
872 3811 922 3861 612
941 3809 1013 3860 dieta
1030 3809 1048 3863 l.
1066 3825 1104 3876 pr.

286 4104 291 4137 t
