2286 4394
76 191 138 250 146
459 189 487 244 P.
500 190 628 244 vultum
645 191 793 246 mnndum

76 384 155 438 non,
179 373 211 425 ut
232 381 314 437 rere,
337 381 417 424 meas
439 363 543 443 elingit
564 363 688 426 nuntius
709 365 804 440 auris3

75 469 114 511 ne
138 457 236 509 tantos
258 447 328 508 mihi
351 448 430 526 finge
452 456 558 509 metus.
603 466 660 509 nec
681 449 762 529 regia
785 449 861 511 luno

75 535 231 595 immemor
252 541 297 593 est
319 532 423 594 nostri.

75 619 125 681 sed
148 626 177 678 te
200 617 273 678 victa
295 618 353 678 situ
376 617 496 695 verique
519 616 605 677 effeta
627 625 781 692 senectus,

76 724 93 764 o
117 711 227 776 mater,
250 702 329 764 curis
351 701 531 780 nequiquam
553 710 670 762 exercet
692 710 723 763 et
735 720 817 763 arma

75 805 180 868 regum
203 787 281 849 inter
303 787 373 848 lalsa
395 794 489 846 vatem
511 785 669 847 formidine
690 786 775 847 ludit.

76 891 147 935 eura
169 872 222 934 tibi
245 872 341 933 divom
364 871 475 950 effigies
498 878 528 931 et
548 870 658 950 templa
679 871 773 946 tueri;

77 959 152 1020 bella
174 958 228 1019 riri
250 974 414 1038 pacemque
436 963 556 1035 gerent,
579 954 645 1034 quis
667 954 744 1016 bella
766 953 922 1034 gerenda'

162 1042 282 1104 Talibus
304 1041 416 1102 Allecto
439 1039 524 1101 dictis
545 1039 654 1101 exarsit
674 1039 705 1100 in
728 1039 797 1102 iras.

76 1137 106 1188 at
128 1127 226 1189 iuveni
249 1126 346 1187 oranti
368 1123 484 1187 subitus
504 1132 618 1186 tremor
639 1132 767 1204 occupat
787 1134 887 1200 artus,

77 1214 231 1291 deriguere
255 1210 348 1271 oculi:
371 1217 416 1270 tot
437 1208 545 1289 Erinys
566 1208 664 1271 sibilat
686 1208 786 1288 hydris

77 1305 218 1374 tantaque
240 1314 272 1357 se
294 1293 383 1355 iacies
405 1294 515 1373 aperit;
537 1301 600 1355 tum
622 1294 756 1354 llammea
778 1303 924 1374 torquens

77 1381 190 1443 lumina
213 1385 404 1440 cunctantem
427 1385 457 1439 et
479 1387 674 1457 quaerentem
695 1378 793 1440 dicere
815 1380 902 1459 plura

77 1464 207 1545 reppulit
229 1471 258 1524 et
279 1463 414 1541 geminos
436 1463 530 1524 erexit
551 1463 684 1524 crinibus
705 1463 811 1543 anguis

76 1549 259 1627 verberaque
281 1547 416 1608 insonuit
437 1547 599 1626 rabidoque
620 1548 694 1609 haec
716 1546 827 1609 addidit
849 1566 916 1609 ore:

74 1629 126 1696 ‘en
149 1652 204 1712 ego
226 1632 302 1693 victa
324 1633 397 1706 situ,
420 1649 508 1710 quam
531 1632 591 1693 veri
613 1632 700 1693 edeta
722 1640 860 1694 senectus

77 1736 157 1779 arma
180 1719 259 1779 inter
280 1734 384 1797 regum
407 1716 477 1777 lalsa
500 1716 659 1777 formidine
680 1716 770 1778 luditl

77 1803 193 1884 respice
215 1801 361 1862 adhaec:
384 1799 487 1862 adsum
508 1801 640 1862 dirarum
662 1800 699 1861 ab
722 1800 791 1862 sede
813 1819 965 1880 sororum,

77 1888 154 1950 bella
176 1905 267 1948 manu
288 1885 440 1963 letumque
462 1879 561 1964 gero.'

78 1974 121 2035 sic
143 1973 229 2034 ellata
252 1970 346 2030 lacem
366 1969 467 2031 iuveni
488 1969 618 2031 coniecit
640 1979 670 2032 et
691 1978 753 2031 atro

78 2059 191 2119 lumine
214 2055 354 2117 lumentis
376 2055 439 2115 lixit
459 2053 515 2115 sub
539 2062 659 2135 pectore
681 2055 789 2118 taedas.

79 2142 130 2204 olli
151 2158 288 2204 somnum
311 2140 417 2220 ingens
439 2138 552 2218 rumpit
572 2157 671 2219 paror,
695 2157 821 2219 ossaque
843 2147 873 2201 et
895 2149 975 2202 artus

78 2227 209 2307 perfudit
230 2234 294 2285 toto
317 2232 479 2303 proruptus
501 2242 628 2304 corpore
649 2224 749 2286 sudor.

79 2331 158 2373 arma
181 2328 283 2370 amens
304 2309 417 2384 lremit,
441 2326 523 2369 arma
543 2316 611 2370 toro
633 2309 777 2387 tectisque
800 2308 940 2386 requirit3

79 2396 171 2458 saevit
191 2413 274 2454 amor
295 2393 366 2454 lerri
389 2403 419 2455 et
440 2393 582 2455 scelerata
603 2393 717 2454 insania
739 2392 822 2466 belli,

80 2481 121 2541 ira
144 2497 249 2558 super,
270 2495 379 2555 magno
402 2477 490 2539 veluti
513 2497 580 2538 cum
602 2479 719 2539 llamma
741 2495 849 2539 sonore

78 2565 176 2641 virgea
199 2562 369 2642 suggeritur
391 2563 480 2624 costis
501 2563 642 2624 undantis
664 2563 731 2623 aeni

80 2649 286 2725 exsultantque
308 2653 391 2708 aestu
413 2647 529 2722 latices;
552 2647 625 2708 lurit
645 2647 726 2709 intus
748 2647 834 2726 aquai

80 2733 208 2794 lumidus
229 2740 319 2811 atque
341 2732 398 2793 alte
420 2733 533 2812 spumis
555 2731 698 2794 exuberat
719 2733 830 2805 amnis,

81 2838 136 2880 nec
159 2817 215 2879 iam
237 2836 269 2879 se
293 2817 371 2898 capit
393 2819 486 2892 unda,
509 2818 588 2878 volat
607 2836 699 2897 vapor
720 2826 783 2877 ater
804 2816 841 2878 ad
862 2834 956 2878 auras.

81 2924 151 2984 ergo
173 2904 231 2965 iter
252 2903 288 2963 ad
310 2920 410 2982 regem
433 2903 545 2984 polluta
566 2921 640 2982 pace
663 2901 800 2963 Latinum

79 2988 184 3049 indicit
206 2988 308 3067 primis
329 2988 469 3048 iuvenum
492 2997 521 3049 et
542 2987 625 3048 iubet
645 3005 726 3048 arma
748 2987 860 3066 parari,

80 3073 169 3133 tutari
191 3071 318 3142 ltaliam,
341 3071 497 3132 detrudere
520 3071 630 3133 linibus
650 3072 781 3146 hostem;

80 3176 111 3218 se
134 3156 203 3216 satis
225 3154 368 3216 ambobus
390 3155 572 3234 Teucrisque
594 3156 696 3218 venire
718 3156 897 3234 latinisque.

79 3242 152 3301 haec
174 3239 225 3298 ubi
248 3237 324 3299 dicta
347 3239 427 3299 dedit
448 3239 589 3319 divosque
611 3241 641 3301 in
665 3250 732 3302 vota
754 3239 879 3314 vocavit,

81 3324 214 3386 certatim
237 3342 301 3385 sese
323 3322 423 3384 Rutuli
446 3325 641 3387 exhortantur
662 3326 694 3386 in
716 3345 812 3387 arma:

80 3412 161 3471 hunc
183 3410 273 3470 decus
296 3408 446 3489 egregium
468 3411 581 3472 formae
601 3419 700 3472 movet
721 3421 810 3488 atque
833 3410 982 3484 iuventae,

80 3497 162 3557 hunc
184 3494 257 3556 atavi
280 3512 380 3572 reges,
402 3494 484 3555 hunc
506 3496 593 3557 claris
615 3497 732 3557 dextera
755 3496 847 3557 lactis.

84 3607 286 3616 ..-..--

150 3647 198 3696 431
217 3643 332 3710 parenth.
352 3658 408 3695 esse
425 3644 482 3695 vult
499 3642 591 3696 Hoffm.
610 3643 675 3696 ZdG.
696 3647 770 3709 1853,
790 3647 847 3698 515.
945 3647 995 3696 444
1012 3660 1063 3708 ger

82 3716 108 3762 et
126 3712 206 3763 schol.
227 3709 283 3763 Ver.
303 3713 344 3774 81,
364 3714 402 3765 12.
457 3715 517 3778 quir
535 3749 542 3763 .
561 3751 567 3765 .
583 3713 704 3776 gerenda
722 3713 805 3764 damn.
824 3727 880 3764 cum
900 3710 1049 3763 Heumanno

81 3782 131 3830 459
152 3776 298 3843 perfundit
320 3778 378 3829 libri
402 3794 439 3846 pr.
458 3777 524 3839 Me¹3
544 3779 618 3835 Ribb.
722 3784 772 3833 464
795 3796 881 3846 oquae
904 3783 945 3830 oie
968 3779 1065 3849 Flly²a¹

80 3843 157 3897 Macr.
176 3844 197 3894 V
218 3849 257 3908 ll,
275 3848 317 3897 23.
351 3862 438 3911 aquae
455 3849 542 3897 amnis
560 3862 651 3900 comm.
671 3847 751 3911 Serv„
770 3848 816 3900 sed
835 3848 867 3900 cl.
885 3846 950 3900 Rbb.
970 3846 1037 3901 Prol.
1058 3852 1065 3902 l
