2286 4394
40 156 103 217 216
414 156 444 211 P.
455 155 585 211 vultum
601 156 754 212 MARleS

40 333 65 395 si
87 331 174 404 mihi,
197 347 273 409 quae
296 329 445 408 quondam
467 329 564 391 luerat
585 345 737 409 quamque
760 350 829 394 esse
851 332 985 410 decebat,

40 417 136 479 visin
160 432 260 476 amore
283 415 375 486 leret,
397 433 458 476 non
483 414 539 476 hoc
561 413 633 474 mihi
655 431 790 495 namque
812 435 942 498 negares

41 500 246 581 omnipotens,
270 499 341 578 quin
364 509 394 560 ct
415 516 534 579 pugnae
555 496 724 562 subducere
747 501 892 565 Turnum

41 595 71 648 et
91 586 197 647 Dauno
219 603 336 665 possem
359 584 538 646 incolumem
560 601 678 646 servare
699 588 831 666 parenti.

42 689 124 733 nunc
145 679 248 749 pereat
269 668 452 748 Teucrisque
472 668 523 749 pio
546 667 597 730 det
616 670 764 749 sanguine
787 689 916 753 poenas.

42 756 90 817 ille
112 764 209 817 tamen
234 762 335 816 nostra
357 753 477 815 deducit
498 752 614 833 origine
637 771 748 817 nomen

42 838 256 919 Pilumnusque
278 839 320 900 illi
342 846 466 918 quartus
486 847 587 918 pater,
611 847 641 900 et
661 846 712 901 tua
735 840 833 945 larga

43 944 131 1007 saepe
153 944 243 987 manu
264 924 425 1003 multisque
447 923 581 985 oneravit
600 923 702 986 limina
723 918 833 990 donis.³

43 1012 92 1074 cui
113 1030 166 1073 rer
188 1010 308 1072 aetherii
330 1009 458 1070 breviter
479 1008 522 1070 sic
543 1009 622 1069 latur
643 1008 777 1092 Olympi.

41 1090 78 1158 ‘si
100 1114 183 1158 mora
206 1095 370 1174 praesentis
392 1094 442 1155 leti
464 1102 642 1174 tempusque
664 1094 776 1158 caduco

44 1189 145 1242 oratur
167 1180 265 1241 iuveni
287 1198 394 1259 meque
416 1180 474 1239 hoc
495 1178 534 1239 ita
556 1196 671 1259 ponere
693 1180 803 1278 septis,

44 1265 114 1327 tolle
136 1267 204 1343 luga
227 1264 362 1325 Turnum
385 1273 473 1341 atque
496 1263 676 1325 instantibus
697 1265 781 1345 eripe
803 1266 884 1329 latis.

43 1350 187 1410 hactenus
209 1347 366 1409 indulsisse
387 1356 478 1407 vacat.
523 1347 568 1409 sin
592 1347 678 1409 altior
698 1348 762 1411 istis

43 1434 97 1495 suh
120 1431 260 1513 precihus
281 1432 365 1493 venia
388 1432 446 1492 nlla
468 1431 541 1493 latet
563 1440 717 1531 totumque
737 1436 852 1497 moveri

43 1518 185 1580 mutarive
208 1526 294 1597 putas
315 1515 442 1590 bellum,
465 1536 534 1596 spes
555 1517 653 1614 pascis
674 1513 797 1581 inanis?

44 1613 73 1666 et
94 1604 170 1665 luno
192 1602 401 1664 adlacrimans:
427 1595 528 1680 ‘quid,
551 1602 591 1676 si,
615 1620 690 1681 quae
710 1622 783 1666 voca
804 1604 955 1684 gravaris,

43 1698 143 1750 mente
166 1689 252 1750 dares
273 1695 361 1767 atque
383 1688 457 1749 haec
479 1686 583 1748 Turno
605 1695 666 1748 rata
690 1687 745 1750 rita
766 1687 928 1753 maneret?

44 1793 127 1837 nunc
148 1781 249 1836 manet
269 1774 420 1835 insontem
442 1772 539 1852 gravis
560 1771 671 1848 exitus,
693 1782 744 1835 aut
765 1791 822 1853 ego
844 1776 908 1837 reri

43 1878 117 1921 rana
140 1862 230 1921 l.eror
275 1859 354 1938 quod
376 1867 410 1918 ut
432 1877 449 1918 o
472 1856 571 1936 potius
591 1856 750 1920 formidine
771 1859 843 1923 falsa

45 1945 130 2006 ludar
152 1954 182 2006 et
204 1945 235 2006 in
257 1944 363 2005 melius
384 1951 450 2016 tua,
473 1941 524 2021 qui
546 1950 599 2021 pot
600 1961 646 2016 es,
669 1961 736 2005 orsa
758 1937 926 2007 rellectasl’

130 2030 210 2092 Haec
231 2029 283 2090 uhi
305 2028 382 2090 dicta
405 2026 498 2102 dedit,
521 2027 603 2088 caelo
625 2046 657 2089 se
678 2029 817 2107 protinus
838 2030 898 2091 alto

44 2115 123 2177 misit
144 2134 236 2195 agens
257 2114 383 2176 hiemem
406 2110 509 2174 nimbo
531 2111 681 2174 succincta
703 2132 758 2193 per
779 2132 866 2177 auras

44 2198 220 2278 lliacamque
242 2200 333 2260 aciem
357 2206 386 2259 et
408 2196 566 2258 Laurentia
588 2205 682 2258 castra
703 2199 814 2278 petivit.

44 2293 108 2346 tum
130 2286 184 2347 dea
206 2284 287 2345 nube
310 2302 377 2344 cava
399 2291 520 2344 tenuem
541 2282 607 2344 sine
627 2282 739 2345 viribus
759 2285 896 2347 umbram

45 2369 75 2430 in
99 2370 202 2430 faciem
225 2370 343 2429 Aeneae
364 2368 438 2445 (visu
461 2367 596 2428 mirabile
615 2369 793 2447 monstrum)

44 2453 199 2515 dardaniis
221 2461 309 2512 ornat
330 2451 395 2512 telis
417 2451 605 2530 clipeumque
627 2452 771 2533 iubasque

45 2538 135 2599 divini
157 2536 312 2597 adsimulat
334 2536 451 2615 capitis,
474 2537 523 2596 dat
545 2537 644 2598 inania
665 2537 770 2615 verba,

45 2624 95 2684 dat
116 2623 180 2684 sine
202 2628 302 2682 mente
323 2639 432 2683 sonum
455 2638 634 2701 gressusque
657 2624 772 2705 effingit
793 2625 906 2699 euntis,

45 2717 141 2770 morte
164 2707 242 2768 obita
265 2707 359 2787 qualis
380 2707 455 2766 sarna
478 2714 523 2767 est
543 2706 665 2769 volitare
686 2709 796 2787 figuras

46 2804 97 2856 aut
118 2813 193 2874 quae
215 2793 328 2873 sopitos
350 2792 493 2854 deludunt
515 2792 629 2853 somnia
652 2811 766 2856 sensus.

45 2889 75 2940 at
96 2881 205 2962 primas
226 2880 301 2940 lacta
323 2886 392 2939 ante
414 2878 491 2940 acies
512 2877 638 2939 exsultat
659 2878 754 2958 imago

45 2965 206 3045 inritatque
227 2965 321 3026 virum
344 2964 410 3025 telis
433 2972 462 3025 et
482 2982 554 3024 voce
576 2962 700 3024 lacessit.

45 3050 136 3111 instat
158 3050 205 3111 cui
228 3050 349 3110 Turnus
370 3049 602 3126 stridentemque
624 3048 741 3110 eminus
761 3048 874 3110 hastam

46 3134 172 3208 conicit,
195 3133 241 3193 illa
264 3134 330 3193 dato
353 3134 439 3193 vertit
461 3133 580 3210 vestigia
603 3141 697 3213 tergo.

45 3225 107 3278 tum
130 3236 200 3277 vero
222 3217 341 3276 Aenean
365 3234 498 3277 aversum
521 3226 554 3276 ut
575 3219 681 3279 cedere
702 3217 823 3279 Turnus

46 3302 170 3364 credidit
192 3310 279 3381 atque
301 3301 399 3361 animo
421 3308 539 3381 spemt
526 3302 663 3364 turbidus
684 3302 810 3364 hausit
802 3319 940 3363 inanem.

44 3381 117 3469 ‘quo
139 3388 230 3468 iugis,
253 3384 377 3448 Aenea?
404 3386 547 3448 thalamos
570 3406 607 3448 ne
630 3389 732 3449 desere
754 3387 872 3466 pactast

45 3474 101 3534 hac
123 3474 241 3536 dabitur
262 3472 363 3534 dextra
386 3473 472 3534 tellus
495 3472 624 3570 quaesita
647 3491 702 3553 per
722 3467 842 3533 undas?
1079 3479 1122 3531 att

46 3559 113 3620 talia
135 3560 300 3621 vociferans
322 3559 457 3637 sequitur
477 3558 671 3637 strictumque
694 3566 831 3619 coruscat

47 3693 146 3704 z—..

133 3762 181 3813 610
201 3765 307 3812 ornauit
325 3758 428 3811 Schrad.
447 3759 500 3810 Em.
521 3761 577 3811 151.
664 3760 711 3812 621
730 3758 808 3821 fatua
825 3756 902 3828 lluty
904 3755 983 3809 'a'bsr
993 3753 1053 3809 lad.

47 3823 97 3875 636
116 3827 174 3890 dea]
192 3829 225 3877 da
242 3827 308 3879 llern
327 3826 368 3879 Pr.
387 3824 560 3877 Schweinlurt
578 3828 652 3891 1881,
669 3829 711 3880 39.
798 3829 847 3880 640
863 3777 1080 3893 ginmmquolt
