2474 4388
469 202 629 256 Aruernus
647 201 707 258 utu.
723 202 774 257 llll.

166 375 280 434 Aeneas
302 375 391 436 instat
413 383 516 436 contra
538 375 688 455 telumque
711 385 846 438 coruscat

78 459 187 539 ingens
208 458 366 520 arboreum
389 470 419 521 et
440 478 525 522 saevo
548 461 590 522 sic
612 471 733 541 pectore
754 462 844 522 latur:

72 538 166 623 ‘quae
189 563 270 605 nunc
293 544 399 606 deinde
422 563 503 606 mora
527 543 592 607 est‘l
614 555 665 607 aut
679 545 748 626 quid
764 547 830 620 iam,
853 545 964 619 Turne,
987 543 1149 608 retractas?

81 649 142 690 non
167 648 271 702 cursu,
293 630 386 691 saevis
409 630 581 692 certandum
604 641 648 692 est
670 631 835 693 comminus
857 631 954 692 armis.
1107 641 1150 693 890

79 723 161 776 verte
184 715 279 776 omnis
301 725 359 776 tete
381 715 411 776 in
434 716 523 777 iacies
545 724 575 777 et
595 716 750 788 contrahe,
773 715 914 795 quidquid

78 800 139 860 sive
162 799 266 861 animis
289 800 347 861 sive
370 809 432 861 arte
454 801 547 874 valcs3
571 809 640 882 opta
662 802 751 878 ardua
773 801 874 881 pinnis

80 894 156 946 astra
179 885 263 962 sequi
286 885 476 964 clausumque
499 903 566 947 cava
588 897 618 948 te
640 886 768 947 condere
790 895 868 947 terra
892 878 955 946 ...⁸

79 969 129 1030 ille
152 981 240 1049 caput
262 988 418 1048 quassans:
441 963 521 1031 ‘non
544 989 591 1033 me
613 981 663 1032 tua
685 971 794 1032 fervida
817 981 930 1033 terrent

80 1054 174 1128 dicta,
197 1055 297 1128 [ποις
321 1056 349 1116 di
371 1074 418 1116 me
440 1064 555 1116 terrent
576 1064 606 1117 et
627 1055 759 1136 luppiter
781 1051 892 1118 hostis?

80 1157 139 1200 ncc
162 1139 246 1219 plura
268 1141 373 1202 otiatus
394 1158 496 1201 saxum
519 1141 720 1220 circumspicit
740 1141 861 1222 ingens,

78 1242 184 1286 saxum
206 1225 361 1304 antiquum
382 1225 504 1306 ingens,
528 1243 632 1306 campo
655 1227 733 1305 quod
757 1227 833 1288 sorte
854 1224 983 1298 iacebat,

81 1309 166 1370 limes
188 1328 258 1388 agro
282 1311 410 1390 positus,
433 1311 514 1371 litem
537 1319 570 1370 ut
591 1311 775 1372 discerneret
797 1311 888 1386 arvis3

80 1394 128 1454 vix
150 1394 220 1455 illud
243 1395 311 1456 lecti
334 1394 379 1456 bis
401 1414 452 1458 sex
474 1395 587 1456 cervice
609 1396 759 1470 subirent,

81 1479 179 1557 qualia
201 1498 281 1541 nunc
304 1481 458 1542 hominum
480 1480 618 1561 producit
639 1500 764 1561 corpora
786 1481 889 1554 tellus3

81 1564 130 1624 ille
153 1582 242 1625 manu
264 1576 381 1644 raptum
403 1565 518 1645 trepida
539 1565 697 1644 torquebat
719 1567 748 1627 in
772 1567 887 1628 hostem

79 1649 168 1710 altior
189 1649 348 1730 insurgens
370 1659 399 1710 et
421 1667 512 1711 cursu
532 1650 667 1712 concitus
688 1651 785 1712 heros.

81 1732 134 1796 sed
157 1752 255 1812 neque
277 1745 448 1796 currentem
470 1753 501 1796 se
523 1753 579 1796 nec
601 1735 755 1815 cognoscit
778 1744 898 1795 euntem

81 1819 270 1880 tollentemve
292 1838 397 1881 manus
418 1837 580 1898 saxumque
602 1820 730 1880 immane
751 1827 934 1880 moventem:

81 1922 180 1983 genua
202 1904 316 1978 labant,
340 1904 453 1985 gelidus
476 1904 625 1965 concrevit
646 1905 757 1983 frigore
779 1903 908 1984 sanguis.

81 1999 146 2050 tum
169 1989 242 2069 lapis
264 1990 326 2070 ipse
347 1990 401 2051 viri
422 2008 546 2050 vacuum
569 1990 733 2069 perinane
755 1989 871 2050 volutus

83 2092 141 2135 nec
163 2074 288 2153 spatium
310 2075 399 2136 evasit
421 2084 516 2135 totum
539 2093 637 2153 neque
659 2074 781 2154 pertulit
801 2074 901 2135 ictum.

169 2160 210 2220 Ac
232 2160 310 2220 velut
332 2160 362 2221 in
385 2159 512 2233 somnis,
536 2160 638 2222 oculos
660 2158 711 2221 ubi
733 2158 870 2239 languida
893 2158 1000 2238 pressit

83 2253 172 2304 nocte
196 2245 293 2323 quies,
317 2245 496 2324 nequiquam
520 2245 618 2306 avidos
640 2246 798 2306 extendere
821 2262 926 2305 cursus

81 2327 159 2389 velle
180 2329 313 2390 videmur
334 2339 363 2390 et
384 2331 414 2391 in
438 2330 541 2391 mediis
562 2328 717 2391 conatibus
738 2329 818 2409 aegri

80 2414 260 2475 succidimus
282 2417 355 2494 (non
379 2415 478 2495 lingua
501 2415 590 2490 valet,
614 2435 674 2477 non
698 2433 824 2495 corpore
847 2423 934 2477 notae

82 2499 235 2560 sufficiunt
257 2500 333 2561 vires
355 2519 411 2560 nec
433 2518 486 2561 vox
510 2510 560 2561 aut
580 2500 669 2562 verba
691 2502 882 2580 sequuntur),

82 2584 126 2645 sio
148 2583 267 2659 Turno,
291 2603 476 2664 quacumque
498 2585 573 2646 viam
595 2587 702 2648 virtute
723 2585 842 2666 petivit,

79 2688 254 2731 successum
275 2671 330 2730 dea
352 2670 414 2731 dira
439 2681 533 2751 negat.
578 2681 641 2732 tum
664 2682 784 2751 pectore
806 2688 912 2731 sensus

82 2764 240 2816 vertuntur
261 2755 346 2827 varii,
369 2756 494 2817 Rutulos
516 2767 645 2835 aspectat
667 2767 697 2817 et
718 2755 822 2815 urbem

79 2849 300 2919 cunctaturque
322 2851 403 2901 metu
425 2841 576 2919 telumque
599 2841 708 2902 instare
731 2838 880 2900 tremescit

85 2942 157 2997 nec,
181 2943 240 3003 quo
263 2945 294 2987 se
317 2925 437 3004 eripiat,
460 2944 531 2999 nec,
555 2925 662 3004 quavi
684 2923 836 2985 tendatin
860 2922 993 2994 hostem,

84 3027 142 3070 nec
164 3028 270 3071 currus
292 3028 415 3089 usquam
438 3009 515 3071 videt
537 3011 703 3091 aurigamve
725 3027 868 3071 sororem.

84 3095 237 3156 cunctanti
259 3095 350 3156 telum
372 3097 486 3157 deneas
508 3095 593 3157 fatale
615 3105 751 3158 coruscat

80 3179 205 3241 sortitus
227 3181 376 3241 fortunam
400 3180 493 3241 oculis
515 3189 545 3240 et
567 3199 692 3262 corpore
714 3189 776 3241 toto

82 3264 201 3326 eminus
222 3266 389 3344 intorquet3
412 3265 516 3326 murali
539 3267 653 3328 concita
677 3283 838 3344 numquam

85 3359 235 3411 tormento
258 3351 300 3411 sic
322 3369 389 3412 saxa
412 3352 544 3412 fremunt
566 3371 621 3415 nec
643 3351 766 3412 fulmine
788 3348 862 3411 tanti

172 3535 221 3587 893
246 3534 396 3586 clausumve
418 3532 557 3600 Pllenog.
575 3533 584 3586 l
603 3532 676 3587 Ribb.
720 3539 779 3602 post
800 3533 867 3585 huuc
889 3548 913 3584 v.
934 3531 980 3583 loc.
999 3536 1057 3583 stat.
1076 3528 1156 3590 th.;

85 3599 154 3653 Prol.
168 3603 200 3654 86
213 3601 320 3665 dubitat,
338 3608 421 3655 utrum
440 3602 562 3655 exciderit
581 3601 693 3655 clausule
712 3602 784 3654 velut
795 3615 941 3667 numquam
954 3599 1032 3651 leodio
1044 3598 1159 3663 effugies

86 3684 118 3722 an
136 3685 161 3721 v.
175 3672 224 3723 890
243 3675 302 3738 post
315 3673 363 3725 893
383 3669 547 3723 collocandus
565 3671 607 3723 sit.
677 3672 726 3724 899
744 3670 821 3720 illum
832 3667 875 3721 ut
940 3670 990 3721 903
1008 3684 1062 3719 sose
1080 3682 1157 3732 cogn.

82 3739 198 3789 condam
218 3736 316 3791 Peerlk.
387 3741 436 3793 904
455 3739 640 3804 tollanturque
651 3737 721 3810 llly¹c
789 3752 897 3789 manum
910 3734 1000 3789 lllorel.
1014 3736 1041 3788 ll.
1076 3751 1157 3786 manu

86 3803 140 3858 Pbc
191 3823 320 3858 sucumve
338 3807 396 3859 libri
413 3822 495 3878 pnyc
555 3809 605 3860 993
624 3804 881 3860 ἱ.0“.ηιι’0.600065.
941 3806 990 3858 913
1009 3802 1157 3871 quomc.P¹

84 3875 136 3928 oto
155 3874 287 3941 letumque
306 3873 412 3928 Pttibb.
482 3877 531 3928 938
549 3878 589 3938 uc]
607 3891 658 3942 quo
675 3873 730 3947 llyb

138 3966 256 4020 Vergilius.
974 3959 1005 4010 18

770 4038 789 4073 ἱ
