2474 4388
356 88 358 93 '
451 109 611 161 nunnmos
630 109 740 161 unu.

63 297 140 343 sacra
162 279 287 343 fercns‘l
315 299 408 342 nosco
431 281 523 342 crinis
545 282 711 360 incanaque
734 290 832 342 menta

62 366 137 446 regis
158 366 302 438 Romani,
325 367 448 445 primam
474 367 524 444 qui
546 365 660 445 legibus
683 365 787 426 urbem

61 452 209 525 fundabit,
234 450 361 513 Curibus
383 451 480 530 parvis
503 460 532 511 et
554 470 685 530 paupere
707 460 786 511 terra

59 537 167 598 missus
190 537 220 597 in
244 535 403 615 imperium
426 554 575 615 magnum.
620 537 667 596 oui
690 535 796 596 deinde
818 535 945 611 subibit,

58 622 116 682 otia
140 621 191 700 qui
213 630 333 700 rumpet
355 622 466 699 patriae
488 621 658 700 residesque
680 619 809 681 movebit

57 706 162 768 l'ullus
183 706 213 767 in
237 724 317 766 arma
339 706 418 768 viros
440 715 470 767 et
491 707 547 766 iam
570 707 690 766 desueta
713 706 871 785 triumphis

56 791 185 870 agmina.
230 808 318 869 quem
342 790 421 852 iuxta
443 792 577 869 sequitur
598 791 753 851 iactantior
774 795 874 851 Ancus

55 894 141 938 nunc
165 894 283 954 quoque
306 875 363 935 iam
387 876 510 936 nimium
534 877 665 953 gaudens
686 875 881 954 popularibus
903 876 991 938 auris.

53 962 99 1022 vis
123 969 153 1021 et
174 961 352 1039 Tarquinios
374 979 460 1040 reges
481 960 667 1039 animamque
690 960 849 1038 superbam

52 1045 164 1107 ultoris
187 1045 270 1106 Bruti
293 1046 447 1124 fascesque
469 1045 566 1106 videre
589 1044 749 1124 receptos?

56 1130 190 1192 consulis
211 1130 369 1209 imperium
392 1131 440 1192 bic
464 1131 576 1209 primus
598 1149 755 1209 saevasque
778 1148 898 1191 secures

55 1215 184 1294 accipiet
205 1223 350 1294 natosque
373 1222 457 1294 pater
481 1234 554 1276 nova
578 1214 654 1275 bella
676 1216 818 1276 moventis

55 1301 94 1360 ad
116 1318 243 1379 poenam
266 1300 391 1379 pulchra
413 1319 469 1379 pro
492 1300 626 1361 libertate
649 1299 784 1373 vocabit:

56 1385 176 1459 infelix,
200 1394 360 1463 utcumque
383 1386 480 1446 ferent
502 1404 534 1445 ea
557 1387 631 1446 facta
655 1385 803 1460 minores;

56 1471 156 1531 vincet
178 1487 261 1530 amor
283 1471 394 1548 patriae
416 1471 595 1548 laudumque
616 1469 761 1531 immensa
783 1470 900 1549 cupido.

57 1555 130 1634 quin
154 1553 259 1615 Decios
282 1554 453 1634 Drusosque
475 1555 580 1634 procul
601 1573 779 1633 saevumque
801 1555 898 1616 securi

58 1641 158 1719 aspice
180 1639 365 1718 Torquatum
387 1648 417 1700 et
438 1641 616 1701 referentem
638 1640 722 1717 signa
746 1639 908 1700 Camillum.
931 1676 972 1686 —

57 1725 124 1786 illae
146 1734 261 1797 autem,
284 1724 406 1804 paribus
429 1743 502 1804 quas
525 1724 637 1802 fulgere
660 1726 758 1786 cernis
780 1725 810 1785 in
833 1725 937 1799 armis,

56 1809 223 1871 concordes
246 1810 360 1870 animae
383 1829 465 1870 nunc
487 1819 517 1871 et
539 1809 609 1870 dum
633 1818 721 1870 nocte
742 1818 936 1888 premuntur,

57 1895 117 1955 beu
140 1902 283 1973 quantum
307 1895 386 1956 inter
407 1914 439 1956 se
462 1894 586 1968 bellum,
609 1895 633 1954 si
655 1893 766 1955 lumina
790 1894 865 1954 vitae

57 1979 224 2057 attigerint,
248 1989 373 2058 quantas
394 1980 472 2041 acies
494 1988 681 2058 stragemque
704 1978 842 2052 ciebunt,

57 2063 216 2143 aggeribus
238 2082 324 2125 socer
345 2064 460 2144 Alpinis
482 2073 570 2143 atque
593 2082 660 2124 arce
683 2064 818 2125 Monoeci

56 2149 258 2220 descendens,
281 2167 373 2229 gener
395 2149 521 2210 adversis
544 2150 707 2210 instructus
728 2149 812 2209 Eoisl

57 2252 113 2305 ne,
136 2234 235 2313 pueri,
259 2252 297 2294 ne
320 2242 401 2294 tauta
424 2234 530 2295 animis
551 2235 713 2296 adsuescite
736 2233 812 2294 bella

57 2335 116 2379 neu
140 2319 250 2398 patriae
273 2318 381 2380 validas
402 2319 433 2379 in
456 2319 568 2380 viscera
592 2320 694 2379 vertite
717 2319 801 2393 viris;

56 2414 150 2481 tuque
172 2404 270 2483 prior,
294 2411 326 2464 tu
348 2421 453 2483 parce,
475 2422 570 2482 genus
593 2405 643 2482 qui
665 2404 749 2465 ducis
772 2403 913 2483 Olympo,

56 2487 159 2566 proice
182 2487 238 2548 tela
260 2507 365 2561 manu,
388 2488 508 2566 sanguis
529 2489 627 2549 meust
652 2525 692 2532 -

56 2572 106 2633 ille
129 2572 306 2652 triumphata
329 2573 470 2652 Capitolia
493 2573 528 2632 ad
551 2574 607 2633 alta
630 2573 771 2634 Corintho

55 2658 151 2718 victor
172 2668 239 2736 aget
261 2675 383 2719 currum
406 2658 499 2721 caesis
521 2659 645 2736 insignis
666 2658 791 2718 Achivis.

56 2749 144 2802 eruet
165 2741 213 2802 ille
236 2742 331 2821 Argos
353 2743 660 2822 Agamemnoniasque
683 2743 819 2822 Mycenas

56 2828 214 2906 ipsumque
237 2826 400 2901 Aeaciden,
424 2846 519 2907 genus
541 2827 747 2907 armipotentis
769 2825 889 2899 Acbilli,

55 2911 138 2972 ultus
158 2929 228 2972 aros
250 2911 356 2973 Troiae
378 2912 487 2992 templa
509 2921 539 2974 et
560 2922 702 2973 temerata
724 2912 880 2973 Minervae.
1089 2919 1132 2972 810

55 2996 124 3074 quis
146 3004 193 3069 te,
216 3014 323 3075 magne
346 2997 432 3072 Cato,
455 2997 576 3059 tacitum
598 3006 649 3058 aut
671 3007 715 3070 tc,
739 2996 843 3070 Cosso,
867 2993 1038 3074 relinquat?

55 3081 124 3160 quis
145 3080 269 3142 Gracchi
293 3100 388 3161 genus
410 3091 461 3143 aut
482 3083 634 3162 geminos,
657 3083 716 3143 duo
740 3081 863 3142 fulmina
886 3080 970 3154 belli,

55 3166 222 3246 Scipiadas,
245 3166 357 3229 cladem
380 3167 506 3248 Libyae,
528 3185 679 3247 parvoque
703 3175 856 3246 potentem

54 3250 223 3311 launoium
246 3250 290 3311 vel
313 3261 342 3312 te
365 3252 463 3323 sulco,
486 3253 628 3324 Serrano,
652 3249 822 3313 serentem?

54 3354 116 3415 quo
139 3337 248 3398 fessum
271 3337 389 3417 rapitis,
413 3334 518 3398 Fabii?
545 3346 578 3398 tu
600 3337 745 3398 Maximus
767 3337 815 3397 ille
838 3355 885 3410 es,
1091 3343 1134 3394 stt

142 3504 327 3568 stuprantem
346 3494 490 3555 b‘Medic.'
508 3501 573 3554 Pier.
620 3501 855 3567 primusomne
944 3502 993 3553 822
1015 3504 1075 3566 post
1091 3502 1133 3549 in-

54 3568 126 3630 felfoe
143 3569 235 3623 fortius
253 3571 377 3638 distingui
395 3569 474 3635 solet,
498 3569 544 3623 sed
562 3570 596 3624 of.
615 3571 687 3623 Serv.
705 3567 782 3622 Mser.
799 3568 923 3633 tvo,18.
946 3567 1081 3633 Augustin.
1100 3565 1132 3618 de

55 3637 104 3690 civ.
117 3637 160 3691 dei
176 3637 206 3691 lll
221 3640 260 3695 ld.
277 3637 371 3706 Jnsper
388 3637 636 3703 zuw.1atu‚era.
711 3637 817 3703 'aloyae
835 3635 911 3689 Ribb.
930 3640 1054 3702 transpos.
1073 3641 1133 3701 post

55 3707 114 3761 8⁰7.
183 3709 233 3825 83¹1
270 3711 407 3760 comentur
426 3705 511 3759 P¹Rb²
580 3709 629 3759 840
652 3705 756 3768 Motae]
778 3703 1132 3767 TroaaScbrdt.1885,1ll.

56 3776 107 3828 848
124 3779 175 3826 tun
218 3777 225 3808 ¹
261 3776 313 3829 ibb.

947 3857 979 3911 9*
