2286 4394
250 111 278 165 P.
291 111 419 164 VERGlLl
436 110 582 164 uiuamus
601 112 761 165 sunalbus
779 115 838 167 LlB.
850 114 911 168 Vlll.
1067 118 1124 176 157

34 302 144 366 quam
168 285 272 346 Turno
295 283 358 362 regi
378 293 429 343 aut
450 283 512 360 regi
534 302 676 362 apparere
698 285 812 346 Latino.

143 369 224 430 Talia
246 386 301 448 per
322 368 448 431 Latium.
493 385 568 445 quae
590 369 818 432 Laomedontius
840 371 929 433 heros

42 463 166 516 cuncta
187 454 290 514 videns
311 471 419 531 magno
442 470 579 513 curarum
602 453 724 514 fluctuat
744 469 825 516 aestu

50 548 148 618 atque
170 539 301 600 animum
325 556 406 598 nunc
428 538 488 598 buc
509 539 653 611 celerem,
676 557 757 599 nuno
780 541 879 600 dividit
900 541 969 603 illuc
1103 558 1131 608 20

51 624 88 686 in
113 624 265 704 partisque
288 623 364 701 rapit
385 622 478 682 varias
500 641 612 702 perque
635 623 734 683 omnia
756 635 866 695 versat,

53 709 136 771 sicut
157 726 249 787 aquae
271 707 430 768 tremulum
452 706 542 768 labris
565 706 615 768 ubi
637 708 737 768 lumen
760 710 842 771 aenis

51 794 122 857 sole
143 810 320 871 repercusso
344 800 394 852 aut
415 792 555 852 radiantis
576 792 703 871 imagine
725 793 813 854 lunae

56 879 160 940 omnia
181 877 337 958 pervolitat
357 875 415 936 late
436 876 501 936 loca
522 877 639 954 iamque
661 877 716 937 sub
739 896 825 939 auras

55 963 184 1042 erigitur
204 962 372 1039 summique
393 961 462 1021 lerit
482 961 630 1039 laquearia
651 962 731 1022 tecti.

55 1065 119 1109 uox
143 1055 207 1108 erat
228 1055 258 1108 et
279 1055 372 1107 terras
394 1046 529 1107 animalia
551 1048 628 1107 sessa
650 1065 705 1125 per
727 1048 823 1108 omnis

55 1132 184 1193 alituum
206 1131 414 1211 pecudumque
436 1149 532 1208 genus
554 1149 645 1210 sopor
667 1132 742 1193 altus
764 1132 902 1206 babebat,

54 1234 126 1278 cum
150 1216 287 1295 paterio
312 1216 375 1294 ripa
396 1215 544 1295 gelidique
567 1216 621 1276 sub
644 1217 771 1278 aetheris
791 1235 844 1277 axe

54 1302 176 1362 Aeneas
197 1301 274 1362 tristi
296 1300 430 1361 turbatus
452 1312 573 1379 pectora
595 1300 672 1361 bello

53 1383 222 1466 procubuit
242 1402 397 1463 seramque
419 1386 498 1445 dedit
519 1404 574 1465 per
595 1385 727 1446 membra
749 1387 887 1465 quietem.

54 1471 130 1532 buic
154 1470 226 1531 deus
249 1470 312 1550 ipse
334 1469 391 1530 loci
412 1470 501 1530 fluvio
524 1470 683 1531 Tiberinus
705 1489 830 1533 amoeno

56 1555 205 1636 populeas
225 1555 305 1616 inter
326 1554 427 1616 senior
448 1574 480 1616 se
503 1556 635 1616 attollere
657 1557 778 1617 frondes

55 1640 140 1702 risus
163 1641 244 1718 (eum
265 1641 364 1700 tenuis
385 1638 489 1717 glauco
511 1640 625 1700 velabat
646 1641 754 1701 amictu

55 1723 202 1786 carbasus
224 1733 254 1785 et
276 1725 366 1786 crinis
388 1723 526 1786 umbrosa
548 1726 665 1803 tegebat
686 1725 826 1802 arundo),

57 1819 124 1870 tum
147 1809 190 1870 sio
212 1809 303 1869 adlari
325 1817 355 1870 et
377 1826 463 1870 curas
483 1809 529 1870 bis
551 1810 670 1871 demere
691 1811 791 1872 dictis:

145 1887 184 1955 ‘0
207 1902 269 1955 sate
291 1903 379 1973 geute
401 1894 505 1969 deum,
529 1895 686 1955 Troianam
709 1914 743 1955 ex
766 1894 900 1956 hostibus
921 1894 1025 1955 urbem

61 1979 114 2058 qui
137 1978 252 2040 revehis
274 1977 361 2039 nobis
383 1987 562 2057 aeternaque
585 1979 726 2059 Pergama
748 1998 860 2053 serum,
933 2023 935 2028 ·

60 2072 232 2144 exspectate
254 2064 318 2125 solo
340 2063 483 2125 Laurenti
504 2064 639 2142 arvisque
662 2065 788 2140 Latinis,

61 2149 111 2209 hic
133 2148 188 2209 tibi
210 2156 291 2209 certa
313 2149 433 2218 domus,
457 2149 530 2209 certi
553 2151 603 2227 (ne
626 2149 745 2225 absiste)
769 2152 907 2228 penates3

62 2238 137 2306 (neu
160 2231 230 2293 bebi
252 2242 365 2294 terrere
386 2233 501 2309 minis):
525 2242 624 2294 tumor
646 2235 743 2295 omnis
767 2242 797 2294 et
818 2235 878 2295 irae

63 2335 241 2379 concessere
263 2318 359 2379 deum.

62 2402 183 2480 iamque
203 2401 272 2477 tibi,
296 2421 335 2463 ne
356 2420 431 2462 rana
452 2411 539 2481 putes
560 2403 633 2465 haee
655 2403 768 2480 fingere
790 2421 944 2478 somnum,

62 2487 177 2548 litoreis
198 2487 305 2566 ingens
327 2487 447 2548 inventa
468 2487 523 2548 sub
545 2487 662 2549 ilicibus
684 2506 734 2548 sus

62 2572 185 2652 triginta
206 2572 336 2652 capitum
357 2573 435 2634 letus
458 2573 543 2633 enixa
565 2572 685 2646 iacebit,

65 2656 148 2730 alba,
171 2657 234 2718 solo
256 2657 418 2730 recubans,
442 2655 500 2717 albi
523 2657 634 2718 circum
658 2657 749 2718 ubera
772 2657 842 2716 nati.

64 2742 110 2802 bic
133 2741 211 2803 locus
232 2741 314 2802 urbis
336 2745 404 2813 erit,
427 2745 538 2822 requies
559 2761 593 2803 eo
615 2754 690 2804 certo
713 2741 855 2802 laborum.

65 2844 103 2886 ex
125 2844 185 2904 quo
207 2832 254 2886 ter
275 2824 360 2887 denis
380 2825 487 2886 urbem
509 2826 702 2888 redeuntibus
724 2825 810 2886 annis

65 2910 211 2971 Ascanius
235 2911 305 2971 olari
327 2912 436 2972 condet
458 2911 644 2990 cognominis
665 2911 777 2970 Albam.

65 2995 145 3056 baud
167 2995 280 3057 incerta
302 3014 387 3057 cano.
431 3014 513 3057 nunc
536 3013 593 3074 qua
615 2995 744 3070 ratione,
768 2996 846 3072 quod
869 2994 973 3068 instat,

66 3080 204 3159 expedias
225 3080 334 3154 victor,
356 3081 458 3160 paucis
480 3080 621 3157 (adverte)
643 3079 766 3142 docebo.
1113 3087 1142 3137 to

67 3164 196 3226 Arcades
217 3164 264 3226 bis
286 3166 362 3239 oris,
384 3184 479 3245 genus
500 3184 517 3226 a
539 3166 671 3226 Pallante
692 3167 875 3245 profectum,

66 3249 243 3329 qui'regem
264 3249 438 3312 Euandrum
460 3250 597 3325 comites,
620 3251 672 3328 qui
694 3251 778 3330 signa
800 3249 910 3322 secuti,

65 3333 205 3413 delegere
226 3334 325 3396 locum
347 3346 377 3396 et
398 3353 524 3414 posuere
547 3335 577 3395 in
600 3334 752 3396 montibus
774 3334 880 3394 urbem

156 3501 187 3552 23
206 3516 362 3567 repereram
380 3500 471 3554 Hoffm.
487 3505 526 3555 15.
563 3516 747 3567 roperouuum
764 3498 831 3551 libri.
912 3500 944 3550 25
963 3497 1087 3615 loquacia
1106 3493 1143 3545 Μ·

67 3566 219 3638 P²u¹vy²c2
255 3568 359 3621 leuem·
377 3569 458 3622 schol.
471 3567 531 3621 Ver.
544 3571 586 3633 99,
600 3572 640 3621 25.
681 3569 803 3619 lacuaria
817 3557 914 3617 ‘multi'
932 3580 972 3632 ap.
1005 3561 1136 3615 ematur>

69 3637 102 3689 42
121 3673 145 3688 ..
165 3651 231 3688 cano
251 3640 285 3690 49
303 3637 416 3689 a'lucca
435 3637 501 3690 iorte
520 3652 551 3689 ex
569 3636 670 3689 schedis
706 3639 780 3688 oetae
798 3635 909 3686 insertos
926 3646 983 3684 esse
1001 3630 1114 3697 suspicet

68 3703 167 3772 lleyue
185 3705 246 3758 secl.
265 3703 350 3768 Ribb.‚
369 3704 419 3757 dei.
436 3705 507 3758 Albr.
520 3708 579 3758 414.
652 3652 804 3770 43b=111
823 3703 911 3769 sautu
930 3702 963 3751 46
982 3697 1070 3762 (mut
1082 3701 1131 3752 393

68 3773 114 3823 bie
131 3787 178 3839 pro
196 3775 220 3823 is
238 3788 269 3825 ex
287 3789 312 3826 v.
325 3775 357 3826 39
375 3773 477 3825 videtur
494 3773 637 3839 irrepsisse)
656 3787 706 3824 orn.
724 3770 840 3840 mestas
860 3769 891 3822 ad
910 3765 968 3834 illd
987 3765 1019 3819 ci.
1037 3766 1048 3818 l
1063 3769 1138 3820 267⁸
