2474 4388
586 733 721 829 VIII
1174 775 1193 864 ξ

118 915 181 967 Οιιιιι
193 916 281 968 hostes
294 922 390 982 cogunt
410 917 505 984 copias,
523 917 624 968 Aeneas
643 916 674 967 de
687 916 816 981 paucitate
828 931 931 968 suorum
950 918 1079 970 sollicitus
1090 897 1194 996 -ΟΟΞ

118 983 230 1036 Tiberini
249 985 433 1037 vaticinatione
446 985 642 1052 praeceptisque
660 983 769 1049 levatur,
788 989 861 1049 grato
874 985 959 1036 animo
978 991 1107 1053 precatur,
1126 965 1194 1057 80}

118 1056 237 1116 mactata
253 1068 329 1119 quam
342 1054 408 1104 sorte
423 1053 528 1116 invenit,
548 1067 594 1104 sue
609 1052 641 1102 ad
653 1051 799 1103 Euandrum
812 1051 916 1104 llumrne
929 1054 1089 1106 subvehitur
1110 1034 1193 1119 ΟΟΙΞ

119 1122 140 1171 is
159 1120 271 1171 Aeneam
289 1137 303 1172 a
321 1120 438 1173 Pallante
456 1118 598 1172 honorifice
618 1119 775 1187 appellatum
794 1120 905 1171 libenter
923 1121 1017 1186 accipit
1111 1094 1193 1175 1833

154 1191 323 1254 cenatumque
341 1188 373 1241 de
391 1189 478 1252 sacris,
497 1188 590 1268 quibus
610 1192 663 1238 tum
681 1191 800 1253 operatus
819 1191 881 1250 erat,
899 1188 1004 1241 edocet.
1169 1195 1189 1280 Ξ

206 1254 320 1306 Herculis
339 1256 464 1308 beneficio
484 1257 554 1308 cives
573 1271 634 1307 suos
647 1255 705 1306 Caci
725 1255 859 1307 atrocitate
877 1255 1000 1308 liberatos
1019 1272 1090 1318 esse;
1111 1254 1193 1324 2792}

155 1321 275 1389 perlectis
293 1325 373 1376 sacris
392 1325 493 1377 rediens
510 1323 569 1376 loca
586 1327 712 1386 monstrat
701 1321 826 1375 tRomae
844 1339 936 1376 nomen
955 1324 1083 1377 habitura.
1111 1314 1194 1418 ΟΟΟΞ·

121 1474 267 1541 insequenti
286 1479 361 1527 noete
379 1474 467 1527 Venus
485 1476 603 1527 obsecrat
621 1473 772 1539 Volcanum,
790 1480 819 1525 ut
836 1480 918 1526 armet
935 1474 1057 1540 Aeneam,
1113 1461 1194 1556 406}

156 1543 262 1610 eiusque
273 1544 391 1608 precibus
402 1544 541 1595 obsecutus
551 1543 595 1594 ille
604 1543 685 1594 multo
695 1557 770 1593 mane
780 1542 812 1593 ad
822 1542 952 1595 officinam
965 1543 1099 1596 deseendit
1112 1531 1189 1599 423ο
1176 1567 1193 1599 e
1219 1545 1221 1549 ’

207 1617 233 1663 et
251 1627 308 1662 curn
327 1611 486 1678 Cyclopibus
504 1611 581 1663 sociis
601 1626 668 1662 nova
686 1624 755 1662 arma
773 1609 891 1663 fabricari
909 1617 1036 1678 properat.
1113 1605 1189 1694 ΟΟΟΞ

103 1804 105 1807 .
123 1762 222 1815 Aeneas
241 1767 405 1830 experrectus
417 1763 528 1814 Euandri
547 1764 598 1814 allo
618 1762 661 1814 uio
681 1761 712 1813 ad
725 1761 846 1814 Etruscos
863 1762 962 1815 vicinos
975 1763 1118 1828 delegatur,
1177 1776 1194 1860 Ξ

208 1831 303 1898 quippe
322 1831 365 1899 qui
384 1830 452 1883 bello
471 1831 557 1883 vexati
576 1847 590 1882 a
636 1829 736 1881 ezentio
754 1828 827 1881 ducis
845 1829 931 1882 idonei
949 1830 1091 1896 indigeant.
1114 1834 1192 1898 519³

124 1898 240 1965 prodigio
259 1898 422 1951 confirmatus
442 1899 578 1966 plerosque
596 1898 680 1950 socios
699 1896 813 1961 remittit,
831 1898 924 1949 retinet
943 1897 1067 1965 delectos,
1114 1882 1190 1953 ΟΟΟξ

157 1983 222 2033 quos
235 1965 321 2018 Pallas
340 1981 354 2017 a
368 1971 440 2033 patre
453 1966 540 2018 multis
560 1981 617 2018 cum
629 1965 741 2018 lacrimis
758 1965 879 2017 dimissus
892 1965 969 2018 Gaere
981 1939 1094 2018 deducit.
1114 1971 1192 2040 6073
1172 1962 1191 1990 “³

16 2081 24 2091 ,
125 2048 155 2085 eo
174 2038 310 2101 postquam
329 2036 408 2100 venit,
425 2035 526 2086 Aeneas
545 2049 602 2086 cum
620 2033 678 2085 aliis
696 2033 772 2084 armis
793 2032 922 2086 Volcaniis
940 2034 1076 2086 instruitur
1115 2016 1196 2109 625}

160 2106 213 2154 tum
232 2103 348 2170 clipeo,
341 2119 368 2154 ιιι
387 2118 437 2170 quo
457 2100 543 2155 elficta
563 2102 700 2154 admiratur
717 2115 800 2152 rerum
820 2100 991 2154 Romanarum
1009 2101 1121 2167 fastigia.
1179 2093 1197 2185 ξ

210 2376 249 2438 Ut
269 2377 338 2438 belli
360 2377 477 2455 signum
502 2376 642 2436 Laurenti
663 2375 784 2435 Turnus
806 2373 842 2434 ab
865 2392 932 2435 arce

126 2462 228 2522 extulit
250 2470 280 2523 et
301 2480 390 2523 rauco
413 2468 607 2541 strepuerunt
629 2477 742 2520 cornua
764 2466 853 2519 cantu

126 2553 217 2624 utque
240 2547 316 2608 acris
338 2546 489 2608 concussit
511 2563 603 2623 equos
625 2553 717 2623 utque
739 2543 855 2622 impulit
876 2561 972 2615 arma,

127 2632 273 2711 externplo
296 2630 407 2692 turbati
429 2631 535 2704 animi,
558 2629 644 2690 simul
667 2647 756 2690 omne
779 2627 905 2688 tumultu

127 2716 263 2777 coniurat
283 2716 399 2795 trepido
422 2715 537 2776 Latium
560 2715 708 2792 saevitque
730 2714 867 2774 iuventus

128 2801 226 2862 effera.
271 2801 410 2862 ductores
430 2800 519 2880 primi
540 2800 692 2878 Messapus
714 2805 744 2858 et
766 2797 857 2858 Ufens

128 2893 374 2966 contemptorque
396 2885 485 2946 deum
507 2884 669 2945 Mezentius
692 2882 824 2960 undique
846 2890 958 2959 cogunt

129 2970 234 3031 auxilia
256 2977 286 3030 et
307 2971 347 3031 lat
335 2977 381 3030 tos
403 2976 518 3032 vastant
505 2968 702 3030 tcultoribus
724 2984 819 3046 agros.

129 3055 194 3115 mitt
195 3056 254 3116 itur
276 3061 306 3115 et
326 3055 427 3134 magni
449 3054 581 3115 Venulus
603 3052 752 3114 Diomedis
775 3053 809 3111 arl
833 3050 953 3124 urbem,

129 3139 180 3218 qui
201 3158 239 3218 pe
240 3147 282 3199 tat
240 3139 443 3200 taurilium
466 3147 496 3199 et
517 3138 600 3199 Latio
623 3128 786 3198 consistere
809 3135 954 3209 Teucros
1178 3145 1207 3195 ιΟ

128 3224 280 3284 advectum
303 3224 423 3285 Aenean
447 3224 532 3285 classi
554 3223 704 3300 victosque
727 3219 882 3317 penatis

129 3309 240 3369 inferre
262 3316 292 3369 et
313 3308 379 3371 latis
402 3327 502 3388 regern
525 3327 557 3369 se
579 3307 677 3368 dicere
699 3305 782 3386 posci

131 3394 252 3454 edoceat
272 3393 439 3472 multasque
462 3393 524 3453 viro
546 3411 578 3454 se
601 3392 762 3470 adiungere
785 3388 882 3467 gentis

130 3478 277 3539 Dardanio
300 3485 330 3539 et
351 3478 409 3540 late
431 3478 515 3539 Latio
538 3477 760 3538 increbrescere
784 3493 907 3547 nomem

131 3563 201 3640 quid
223 3571 318 3625 struat
338 3563 384 3625 his
407 3564 535 3643 coeptis,
559 3579 664 3639 quem,
686 3560 710 3622 si
733 3561 852 3620 fortuna
875 3566 1032 3636 sequatur,
1182 3569 1207 3618 15

131 3656 267 3708 eventum
290 3665 407 3727 pugnae
430 3649 543 3728 cupiat,
566 3646 749 3707 manifestius
770 3644 827 3723 ipsi

218 3817 233 3867 3
251 3815 312 3868 secl.
331 3814 395 3867 Rbb.
477 3815 507 3866 13
526 3814 675 3878 multusque
693 3849 699 3862 .
719 3848 725 3862 .
743 3826 838 3862 nomen
859 3813 890 3863 14
908 3809 992 3860 damn.
1011 3806 1112 3859 Peerllr.
1132 3806 1208 3861 Ribb.
