2286 4394
77 210 139 270 218
452 210 481 264 Ρ.
495 208 622 262 vertunt
639 208 790 265 unuuuts

160 387 199 443 At
219 382 295 443 lovis
317 382 431 443 interea
453 381 574 443 monitis
594 380 759 444 Mezentius
781 384 893 446 ardens

75 467 207 531 succedit
228 485 346 547 pugnae
368 466 560 545 Teucrosque
581 466 692 528 invadit
714 467 841 531 orantis.

76 563 263 614 concurrunt
284 552 454 632 Tyrrhenae
477 553 554 613 acies
576 562 666 631 atque
688 552 832 616 omnibus
854 555 925 627 uni,

77 638 129 699 uni
151 637 285 717 odiisque
307 638 369 699 viro
393 638 516 716 telisque
538 635 747 716 frequentibus
767 637 901 701 instant:

77 723 125 785 ille
148 724 226 785 velut
247 742 353 803 rupes,
376 733 490 784 vastum
512 741 587 801 quae
611 721 710 802 prodit
731 722 762 783 in
785 742 918 804 aequor,

78 808 162 869 obvia
183 819 339 870 ventorum
362 807 446 869 furiis
468 817 650 886 expostaque
671 817 780 886 ponto,

79 894 135 955 vim
158 904 295 955 cunctam
318 904 406 972 atque
428 892 523 954 minas
544 893 657 972 perfert
677 892 812 971 caelique
834 894 998 974 marisque,

78 979 142 1059 ipsa
163 979 283 1040 immota
305 997 431 1039 manens
452 1011 494 1022 —
517 977 630 1057 prolem
654 976 847 1040 Dolichaonis
868 978 1001 1043 Hebrum

78 1064 185 1126 sternit
205 1064 303 1137 humi,
326 1082 395 1125 eum
418 1082 476 1141 quo
499 1062 640 1142 Latagum
664 1061 859 1142 Palmumque
880 1065 1028 1144 fugacem,

78 1150 130 1211 sed
152 1148 294 1226 Latagum
316 1167 386 1210 saxo
408 1158 496 1227 atque
518 1147 633 1228 ingenti
653 1147 800 1226 fragmine
822 1151 937 1212 montis

79 1242 204 1312 occupat
226 1252 259 1294 os
281 1233 444 1310 faciemque
466 1234 632 1305 adversam,
654 1232 766 1311 poplite
788 1232 927 1295 Palmum

77 1317 193 1379 succiso
216 1317 290 1377 volvi
311 1336 434 1395 segnem
455 1317 527 1379 sinit
548 1335 688 1395 armaque
710 1317 807 1379 Lauso

77 1403 169 1462 donat
190 1400 299 1462 habere
321 1402 432 1463 umeris
454 1413 484 1464 et
505 1402 613 1465 vertice
633 1402 725 1480 figere
746 1402 862 1465 cristas.

79 1505 135 1548 nec
157 1506 217 1547 non
240 1486 398 1547 Euanthen
422 1487 583 1567 Phrygium
604 1487 776 1566 Paridisque
799 1487 941 1551 Mimanta

78 1571 229 1651 aequalem
253 1571 467 1651 comitemque,
491 1591 550 1633 una
573 1591 661 1651 quem
684 1581 772 1633 noete
794 1572 920 1636 Theano

79 1657 108 1718 in
133 1657 229 1718 lucem
252 1656 380 1736 genitori
402 1662 512 1737 Amyco
535 1657 615 1718 dedit
637 1665 667 1718 et
689 1658 751 1718 lace
773 1675 948 1738 praegnans

79 1742 186 1805 Cisseis
207 1742 310 1822 regina
333 1742 436 1817 Parin;
462 1742 541 1804 Paris
565 1742 637 1803 urbe
659 1751 782 1822 paterna

79 1827 219 1902 occubat,
242 1829 379 1906 ignarum
402 1828 537 1889 Laurens
557 1826 647 1888 habet
668 1845 720 1888 ora
742 1827 894 1890 Mimanta.

78 1933 113 1975 ac
135 1914 214 1975 velut
236 1912 284 1975 ille
306 1931 413 1975 canum
435 1931 536 1974 morsu
559 1911 595 1973 de
618 1911 770 1974 montibus
792 1913 857 1974 altis

78 2008 161 2062 aetus
182 2017 268 2077 aper,
291 1999 399 2060 multos
423 1997 546 2059 Vesulus
567 2015 657 2076 quem
678 1997 789 2077 pinifer
809 2015 909 2061 annos

78 2084 211 2145 defendit
233 2084 401 2163 multosque
423 2084 507 2163 palus
527 2082 704 2154 Laurentia,
727 2082 798 2144 silve

79 2180 180 2248 pastus
202 2168 382 2242 arundinea,
405 2178 560 2248 postquam
583 2167 662 2229 inter
684 2167 757 2229 retia
780 2176 901 2228 ventum
926 2182 984 2244 est,

78 2254 210 2316 substitit
231 2255 444 2333 infremuitque
467 2255 549 2314 ferox
572 2262 602 2314 et
622 2252 772 2314 inhorruit
793 2271 907 2324 armos,

78 2358 134 2400 uec
157 2339 294 2415 cuiquam
316 2339 403 2400 irasci
425 2339 582 2418 propiusve
604 2338 745 2399 accedere
766 2338 874 2415 virtus,

78 2424 128 2485 sed
152 2423 252 2484 iaculis
275 2425 405 2501 tutisque
426 2424 532 2503 procul
555 2422 733 2484 clamoribus
754 2423 868 2484 instant
890 2457 933 2468 -—

78 2508 154 2568 haud
178 2508 278 2579 aliter,
302 2508 395 2568 iustae
417 2508 525 2586 quihus
547 2518 591 2570 est
613 2507 776 2570 Mezentius
797 2508 873 2582 irae,

79 2612 140 2653 non
166 2592 216 2653 ulli
239 2603 282 2652 est
304 2593 421 2653 animus
443 2594 546 2654 stricto
570 2611 750 2655 concurrere
773 2594 870 2665 ferro,

79 2677 238 2739 missilibus
260 2678 349 2758 longe
371 2688 401 2738 et
423 2689 503 2739 vasto
526 2680 654 2739 clamore
677 2679 839 2752 lacessunt;

79 2765 126 2825 ille
149 2775 247 2825 autem
269 2764 431 2844 impavidus
455 2765 545 2842 partis
567 2774 723 2825 cunctatur
745 2763 776 2824 in
799 2762 897 2824 omnis

78 2851 217 2912 dentibus
239 2851 413 2912 infrendens
436 2861 465 2910 et
487 2860 569 2927 tergo
592 2849 703 2910 decutit
725 2850 831 2909 hastas.

165 2936 291 2997 Venerat
312 2936 442 3015 antiquis
465 2935 584 3016 Corythi
607 2936 643 2995 de
665 2934 773 2995 fluibus
796 2938 913 3005 Acron,

79 3020 183 3081 Graius
206 3021 311 3093 homo,
335 3022 461 3082 infectos
483 3021 621 3099 linquens
645 3021 787 3099 profugus
809 3020 1001 3097 hymenaeos.

77 3104 159 3163 hunc
184 3104 233 3164 ubi
256 3105 428 3166 miscentem
452 3106 540 3183 longe
563 3104 657 3165 media
678 3104 795 3183 agmina
817 3102 902 3176 vidit,

78 3206 262 3267 purpureum
285 3189 386 3267 pinnis
408 3199 437 3249 et
459 3202 562 3267 pactae
584 3190 719 3270 coniugis
742 3199 839 3259 ostro,

77 3272 220 3350 impastus
242 3272 355 3333 stabula
377 3273 433 3333 alta
455 3274 501 3334 leo
525 3294 580 3335 ceu
602 3294 690 3354 saepe
713 3292 875 3355 peragrans

78 3357 192 3434 (suadet
215 3358 295 3417 enim
318 3377 422 3420 vesana
445 3359 563 3435 fames),
586 3360 610 3421 si
634 3362 711 3422 forte
733 3361 868 3438 fugacem

78 3441 233 3522 conspexit
255 3462 392 3523 capream
414 3455 465 3505 aut
487 3455 657 3525 surgentem
681 3446 711 3507 in
735 3462 847 3506 cornua
870 3460 1007 3515 cervum,

164 3612 213 3662 696
232 3617 341 3662 rreartont
359 3609 396 3661 Μι
436 3617 526 3662 irrumet
545 3610 633 3662 tumn
719 3614 769 3664 tul
785 3614 910 3676 genitore
929 3608 1014 3662 Bentl.
1034 3610 1061 3660 lb

79 3681 158 3737 5,28.
218 3682 267 3731 tos
286 3680 377 3730 Parim
397 3679 512 3743 b²yLad
549 3682 626 3730 Paris
644 3679 775 3731 Beothib.
828 3684 901 3730 creat
919 3678 978 3729 libri
1014 3695 1061 3744 orq

79 3750 129 3799 709
146 3748 275 3797 multurae
293 3747 395 3799 PRibb.
458 3748 546 3811 eliqua
564 3747 655 3813 Jasper
674 3747 756 3799 ZGW.
777 3750 851 3807 tute,
870 3749 928 3798 572.
1003 3749 1055 3799 'llll

79 3815 120 3864 vel
136 3820 213 3880 pavit
230 3815 312 3867 Bentl.
401 3818 449 3867 712
465 3819 631 3880 propiusque
648 3815 686 3884 Py
704 3815 779 3866 Rihb.
797 3815 857 3866 had.
947 3818 1041 3881 717118

81 3888 138 3941 post
156 3885 205 3933 tte
225 3883 292 3933 Scal.
311 3881 509 3947 (praetulerit.)
530 3882 603 3935 Rihb.
621 3882 688 3946 Led,
707 3883 752 3934 sed
771 3884 803 3937 cf.
824 3882 924 3935 Weidu.
943 3885 1002 3935 458.
