2286 4394
51 215 91 275 88
424 214 452 268 Ρ.
466 213 593 269 vultum
609 214 755 270 ultiouis

51 387 130 449 mille
153 387 220 449 iacit
241 387 336 448 varios
358 387 479 449 adverso
502 386 564 448 sole
586 385 710 449 colores.

52 471 196 553 obstipuit
217 471 281 535 visu
303 471 427 533 Aeneas.
472 471 520 533 illa
541 470 658 551 agmina
679 471 769 550 longo

50 556 168 619 tandem
192 558 270 618 inter
291 564 407 636 pateras
429 564 459 618 et
479 555 552 618 levia
574 556 681 637 pocula
703 574 828 637 serpens

51 640 210 721 libavitque
232 642 321 721 dapes
342 659 506 720 rursusque
528 640 668 703 innoxius
690 640 749 702 im'o

51 726 193 790 successit
215 726 329 789 tumulo
353 734 382 788 et
404 727 523 806 depasta
545 725 647 787 altaria
668 725 763 804 liquit

51 811 108 874 hoc
130 812 222 892 magis
245 812 381 891 inceptos
403 810 532 890 genitori
555 810 701 873 instaurat
721 809 869 886 honores,

53 897 202 971 incertus,
224 895 386 977 geniumne
406 895 465 957 loci
487 895 669 957 famulumne
691 895 825 975 parentis

52 1001 117 1045 esse
140 990 238 1063 putet;
262 980 359 1044 caedit
379 979 464 1042 binas
486 979 522 1041 de
544 997 627 1041 more
649 978 779 1042 bidentis

53 1076 156 1147 totque
178 1086 262 1141 sues,
284 1066 406 1128 totidem
430 1064 576 1145 nigrantis
596 1072 678 1145 terga
700 1064 856 1143 iuvencos;

52 1152 179 1232 vinaque
202 1150 344 1213 tundebat
365 1150 475 1232 pateris
496 1148 684 1229 animamque
706 1148 830 1212 vocabat

53 1237 197 1299 Anchisae
219 1235 317 1315 magni
340 1235 495 1314 manisque
517 1234 686 1296 Acheronte
707 1235 856 1298 remissos

54 1339 109 1382 nec
133 1339 193 1382 non
217 1327 247 1381 et
269 1319 358 1394 socii,
381 1337 457 1399 quae
480 1319 587 1398 cuique
610 1327 656 1382 est
678 1319 779 1400 copia,
801 1319 870 1382 laeti

53 1405 130 1467 dona
153 1406 270 1478 feriunt,
294 1413 420 1466 onerant
440 1422 506 1467 aras
527 1411 716 1483 mactantque
737 1405 897 1480 iuvencos3

54 1489 158 1552 ordine
180 1499 254 1550 aena
275 1488 376 1551 locant
397 1489 445 1550 alii
467 1489 585 1569 lusique
606 1507 661 1570 per
682 1488 805 1552 herbam

54 1574 204 1636 subiciunt
226 1574 343 1636 veribus
366 1592 478 1655 prunas
500 1582 530 1636 et
550 1573 660 1636 viscera
682 1582 809 1636 torrent

139 1659 313 1740 Exspectata
335 1659 397 1721 dies
419 1660 520 1721 aderat
542 1676 712 1738 nonamque
734 1677 840 1722 serena

54 1745 200 1806 Auroram
222 1744 416 1806 Phaethontis
438 1744 507 1823 equi
529 1744 586 1804 iam
609 1743 676 1805 lucc
699 1743 861 1818 vehebant,

54 1831 190 1909 famaque
212 1829 353 1891 finitimos
375 1837 405 1890 et
426 1828 497 1891 clari
520 1847 631 1891 nomen
654 1828 778 1892 Acestae

54 1914 299 1991 excierat31aeto
322 1912 512 1993 complebant
533 1913 619 1976 htora
643 1921 730 1975 coetu

55 2000 144 2064 visuri
166 1999 333 2073 Aeneadas,
356 2016 424 2081 pars
446 2006 476 2060 et
498 2007 610 2060 certare
633 1998 735 2078 parati.
762 2034 765 2041 ·
850 2026 853 2033 ·

55 2104 179 2148 munera
201 2085 349 2165 principio
372 2093 441 2146 ante
465 2082 567 2146 oculos
588 2083 728 2162 circoque
751 2082 888 2145 locantur

54 2173 85 2233 in
107 2170 220 2244 medio,
243 2170 319 2232 sacri
341 2169 472 2251 tripodes
493 2167 660 2246 viridesque
682 2186 812 2230 coronae

56 2265 86 2318 et
106 2255 220 2336 palmae
241 2255 371 2334 pretium
392 2252 568 2329 victoribus,
590 2254 729 2332 armaque
752 2261 781 2316 et
803 2261 883 2316 ostro

55 2341 192 2421 perfusae
213 2346 325 2414 vestes,
348 2338 463 2418 argenti
485 2338 608 2417 aurique
631 2338 783 2400 talentum.

56 2433 85 2485 et
107 2424 175 2485 tuba
199 2423 370 2484 commissos
392 2422 489 2484 medio
513 2424 592 2485 canit
613 2440 720 2503 aggere
741 2423 836 2486 ludos.

141 2507 237 2568 Prima
260 2525 345 2588 pares
367 2507 473 2569 ineunt
495 2507 632 2588 gravibus
655 2507 814 2570 certamina
837 2508 927 2570 remis

57 2601 197 2672 quattuor
219 2611 255 2653 ex
278 2592 360 2653 omni
382 2592 510 2654 delectae
533 2593 624 2655 classe
646 2593 774 2655 carinae.

55 2678 184 2740 velocem
208 2677 380 2739 Mnestheus
401 2678 461 2758 agit
482 2677 542 2739 acri
564 2677 675 2758 remige
697 2677 832 2753 Pristim,

55 2781 124 2824 mox
146 2763 235 2824 Italus
258 2762 444 2838 Mnestheus,
467 2782 562 2843 genus
584 2781 599 2823 a
623 2781 682 2842 quo
705 2762 826 2824 nomine
849 2761 985 2836 llemrni,

55 2849 267 2929 ingentemque
290 2847 367 2929 Gyas
388 2849 503 2929 ingenti
525 2847 602 2909 mole
626 2847 825 2922 Chimaeram,

57 2934 139 2996 urhis
162 2953 252 3015 opus,
275 2933 383 3013 triplici
404 2933 499 3014 pubes
521 2951 607 3012 quam
631 2933 765 2994 Dardana
787 2950 874 2994 versu

56 3019 214 3098 impellunt
237 3021 336 3097 (terno
359 3027 546 3098 consurgunt
568 3017 672 3080 ordine
694 3017 795 3094 remi),
1088 3017 1120 3074 111

57 3104 286 3183 Sergestusque,
309 3103 415 3164 domus
436 3110 519 3164 tenet
539 3121 556 3163 a
579 3121 638 3182 quo
661 3103 761 3181 Sergia
785 3120 912 3175 nomen,

57 3187 204 3249 Centauro
227 3187 375 3248 invehitur
396 3205 517 3265 magna,
540 3187 696 3268 Scyllaque
719 3187 879 3250 Cloanthus

58 3272 206 3348 caerulea,
229 3290 324 3350 genus
345 3272 425 3332 unde
448 3270 518 3345 tibi,
541 3271 674 3334 Romane
697 3271 823 3335 Cluenti.

143 3357 195 3418 Est
216 3356 320 3436 procul
342 3355 373 3417 in
396 3355 499 3436 pelago
523 3373 625 3418 saxum
648 3357 816 3438 spumantia
838 3365 942 3418 contra

57 3443 157 3514 litora,
182 3441 260 3520 quod
284 3440 402 3502 tumidis
424 3439 611 3503 submersum
634 3443 770 3504 tunditur
791 3441 860 3503 olim
1091 3445 1127 3500 111

59 3526 213 3600 fluctibus,
236 3525 355 3588 hiberni
377 3525 512 3587 condunt
534 3526 584 3587 ubi
607 3526 701 3589 sidera
724 3527 801 3603 cori;

145 3680 177 3731 96
200 3678 311 3743 caedite.
331 3679 407 3728 binos
425 3674 457 3739 R,
482 3675 570 3726 caedit
587 3679 683 3742 quinas
706 3677 765 3729 libri
784 3682 832 3729 cet.
850 3680 953 3743 praeter
970 3673 996 3727 Μ
1018 3680 1045 3729 et
1063 3674 1129 3728 serv.

59 3745 94 3809 pl.
106 3744 139 3795 lV
153 3748 211 3808 200,
230 3746 273 3798 ubi
293 3745 347 3798 cod.
360 3744 427 3797 Flor.
443 3744 522 3796 habet
539 3746 629 3806 cinam
649 3744 911 3800 caenulentam.
983 3747 1015 3798 9¹1
1035 3743 1131 3811 totque]

59 3816 140 3928 “iim
155 3812 194 3867 lll.
208 3813 273 3865 ZbG.
288 3815 364 3892 1881,
377 3815 434 3866 593.
506 3815 552 3866 101
572 3813 736 3878 complerant
752 3812 806 3884 Pyb
817 3812 891 3864 Ribb.
965 3814 1013 3867 112
1033 3812 1132 3864 talentu

60 3877 79 3928 l
104 3878 160 3930 hcm
176 3879 246 3931 Serv.
264 3878 338 3931 Rrbh.
429 3883 475 3934 120
496 3886 570 3932 terno
590 3916 616 3932 ..
634 3884 702 3932 remi
719 3881 803 3935 damn.
820 3879 895 3932 Ribb.
