2286 4394
75 215 137 275 228
448 211 478 266 P.
490 209 619 263 venatu
636 209 786 263 [3110le

75 387 241 448 iustitiaene
263 385 348 464 prius
369 384 460 445 mirer
481 382 592 444 belline
612 379 774 442 laborum?

77 490 131 533 nos
152 489 223 531 vero
245 469 318 531 haec
340 470 467 549 patriam
489 467 565 546 grati
586 467 750 530 referemus
774 466 811 527 ad
834 467 941 529 urbem

76 563 105 616 et
127 564 173 628 te,
195 555 219 616 si
244 573 300 634 qua
323 556 398 615 riam
421 553 538 615 dederit
559 551 707 626 Fortuna,
729 552 838 613 Latino

75 641 234 718 iungemus
256 640 329 719 regi.
374 648 496 717 quaerat
517 637 573 700 sibi
595 638 715 698 foedera
736 636 875 699 Turnusl

77 726 148 803 quin
174 735 204 786 et
224 725 319 786 fatalis
341 741 494 785 murorum
517 722 652 783 attollere
673 722 768 783 moles

77 829 206 891 saxaque
228 810 402 872 subvectare
424 808 534 868 umeris
555 807 682 868 Troiana
705 801 841 869 iuvabit’

78 896 193 958 dixerat
211 895 284 956 baec
307 911 428 972 unoque
450 911 555 954 omnes
576 892 678 953 eadem
701 911 754 954 ore
776 893 955 955 tremebant

79 981 125 1042 bis
146 1000 236 1042 senos
257 980 399 1060 pepigere
420 979 483 1039 dies
505 987 536 1038 et
555 995 628 1058 pace
649 985 802 1056 sequestra

80 1084 135 1146 per
156 1065 242 1129 silvas
263 1064 371 1127 Teucri
394 1062 535 1141 mixtique
557 1064 680 1142 impune
702 1062 799 1123 Latini

80 1169 216 1212 erravere
238 1151 325 1229 iugis.
368 1150 449 1209 terro
471 1156 559 1210 sonat
580 1147 637 1208 alta
659 1147 784 1227 bipenni

81 1237 230 1308 fraxinus,
253 1242 390 1295 evertunt
411 1242 491 1294 actas
511 1231 548 1294 ad
570 1232 667 1295 sidera
688 1232 793 1311 pinos,

80 1320 187 1381 robora
211 1337 268 1379 nec
290 1318 393 1380 cuneis
415 1326 443 1377 et
467 1318 597 1379 olentem
618 1318 756 1380 scindere
778 1316 902 1378 cedrum

80 1421 137 1465 nec
159 1403 297 1482 plaustris
319 1411 436 1463 cessant
459 1412 574 1464 vectare
595 1402 791 1483 gementibus
804 1421 909 1467 ornos.

166 1487 281 1547 Etiam
304 1486 392 1547 Fama
415 1487 534 1562 volans,
557 1488 632 1549 tanti
653 1487 830 1568 praenuntia
852 1488 968 1564 luctus,

80 1572 253 1632 Euandrum
276 1572 469 1650 Euandrique
491 1572 596 1634 domos
618 1582 648 1633 et
669 1572 787 1634 moenia
809 1573 923 1653 replet,

82 1675 157 1736 quae
179 1658 268 1718 modo
290 1658 431 1719 victorem
453 1657 537 1719 Latio
559 1657 690 1719 Pallanta
712 1656 835 1719 lerebat

81 1742 209 1805 Arcades
231 1743 267 1803 ad
291 1752 392 1823 portas
415 1761 518 1817 ruere,
541 1750 572 1804 et
593 1742 629 1804 de
650 1761 734 1803 more
756 1751 871 1805 vetusto

83 1828 221 1890 funereas
242 1846 368 1909 rapuere
391 1830 484 1890 laces:
508 1828 589 1889 lucet
608 1828 653 1888 via
676 1828 767 1906 longo

83 1914 187 1974 ordine
209 1914 392 1975 flammarum
416 1921 445 1974 et
465 1912 728 1974 latediscriminat
749 1930 845 1992 agros.

83 2007 187 2059 contra
209 1999 295 2060 turba
318 1999 468 2080 Phrygum
490 1998 614 2059 veniens
634 1997 808 2077 plangentia
828 1998 926 2076 iungit

83 2084 208 2162 agmina.
253 2102 329 2163 quae
351 2092 508 2164 postquam
530 2091 640 2144 matres
661 2083 821 2144 succedere
843 2084 928 2145 tectis

83 2168 235 2243 viderunt,
259 2179 400 2231 maestam
423 2169 589 2230 incendunt
611 2167 788 2229 clamoribus
812 2167 926 2230 urbem.

84 2261 113 2313 at
137 2272 197 2315 non
220 2253 392 2315 Euandrum
416 2253 494 2333 potis
517 2263 561 2314 est
582 2253 625 2314 vis
647 2253 705 2314 ulla
727 2261 845 2327 tenere,

83 2339 133 2399 sed
157 2339 238 2399 venit
260 2340 288 2399 in
312 2339 435 2401 medios.
479 2340 589 2400 feretro
611 2338 742 2399 Pallanta
764 2347 883 2417 reposto

85 2424 246 2501 procubuit
268 2442 359 2502 super
381 2434 469 2502 atque
492 2425 609 2499 haeret,
631 2423 848 2502 lacrimansque
871 2442 1055 2504 gemensque

85 2515 114 2566 et
135 2507 179 2566 via
203 2508 248 2567 vix
272 2509 391 2568 tandem
414 2510 478 2569 voci
501 2509 593 2570 laxata
616 2508 718 2570 dolore
741 2517 799 2570 est:

169 2586 249 2652 ‘Non
274 2593 361 2667 baec,
386 2614 403 2653 o
427 2593 520 2667 Palla,
544 2594 667 2656 dederas
688 2593 832 2673 promissa
856 2593 982 2672 parenti.

85 2676 199 2737 cautius
221 2685 255 2736 ut
276 2696 361 2737 saevo
384 2678 473 2740 velles
496 2687 524 2739 te
547 2680 669 2740 credere
691 2678 791 2740 Martii

84 2761 161 2823 haud
184 2763 305 2842 ignarus
328 2781 425 2838 eram,
449 2774 593 2842 quantum
617 2782 692 2825 nova
714 2764 806 2843 gloria
829 2763 860 2822 in
883 2763 972 2825 armis

85 2855 115 2908 et
136 2848 294 2928 praedulce
317 2850 407 2910 decus
430 2850 526 2929 primo
550 2849 711 2910 certamine
734 2857 843 2929 posset.

87 2933 231 3010 primitiae
255 2935 369 2997 iuvenis
391 2935 517 2996 miserae
539 2934 668 3013 bellique
691 2933 852 3014 propinqui

86 3018 157 3077 dura
182 3019 349 3080 rudimenta
372 3028 402 3080 et
424 3020 497 3080 nulli
521 3020 654 3081 exaudita
677 3020 800 3080 deorum

86 3111 149 3162 vota
172 3122 335 3181 precesque
358 3105 456 3165 meael
479 3114 587 3184 tuque,
611 3125 628 3165 o
651 3104 833 3166 sanctissima
856 3102 1006 3177 coniunx,

87 3186 154 3245 l'elix
178 3196 273 3247 morte
298 3198 346 3249 tua
370 3208 469 3267 neque
492 3190 522 3250 in
547 3191 628 3250 hunc
651 3198 762 3251 servata
785 3188 934 3249 doloreml

86 3279 190 3331 contra
214 3290 269 3349 ego
292 3274 416 3335 vivendo
438 3274 494 3335 vici
517 3292 582 3335 mea
605 3276 679 3349 lata,
702 3283 853 3355 superstes

86 3364 225 3417 restarem
249 3367 283 3418 ut
304 3360 431 3436 genitor.
476 3359 587 3420 Troum
611 3361 689 3422 socia
711 3378 791 3420 arma
814 3366 947 3420 secutum

174 3526 221 3577 126
240 3528 347 3575 iustitia
366 3523 429 3586 lllll3
451 3527 483 3578 cl.
504 3526 575 3579 Serv.
594 3527 629 3593 pl.
701 3527 790 3578 labore
808 3527 842 3589 θ’,
862 3526 910 3577 nisi
930 3531 997 3576 errat
1015 3523 1077 3576 'l'hor

87 3592 335 3644 laboremP¹lll²
436 3591 641 3647 terrebamur
743 3597 792 3648 136
806 3597 890 3660 pinus
907 3593 966 3644 libri
985 3592 1077 3659 poll,

90 3663 136 3712 145
155 3664 274 3725 integunt
320 3660 407 3712 bLad.
491 3666 540 3716 149
559 3663 682 3714 Pallante
700 3662 756 3713 libri
777 3679 814 3729 pr.
827 3661 878 3721 M¹;
897 3661 947 3712 del.
967 3677 991 3711 r.
1005 3660 1077 3713 Bolte

87 3728 150 3779 GPr.
171 3729 309 3794 Dramburg
330 3733 402 3788 1880,
424 3733 461 3782 14.
540 3735 585 3784 151
606 3745 682 3781 voces
700 3728 738 3781 M¹
774 3735 846 3782 vocis
864 3730 929 3799 Pya¹
942 3729 1029 3782 Heins.

86 3794 157 3872 §erra
171 3797 212 3847 llll
232 3801 272 3858 41,
292 3798 376 3849 Heius.
467 3800 514 3849 152
535 3805 593 3865 post
611 3802 720 3865 parente·
740 3797 814 3850 llibb.
834 3814 932 3850 comum
951 3813 1035 3863 repos.
1068 3816 1077 3864 p

98 3858 149 3910 alii’
170 3879 210 3928 ap.
230 3864 302 3916 Serv.
321 3867 370 3931 pl.;
390 3865 440 3917 dol.
460 3864 543 3918 Madv.
564 3869 603 3919 30.
