2286 4394
429 108 590 162 acuamus
608 109 665 163 LlB.
678 109 739 161 v111.

51 282 198 361 frenaque
220 281 308 353 hina,
329 298 414 341 meus
436 298 510 358 quae
533 299 614 342 nunc
636 280 725 341 habet
745 299 832 343 aurea
855 281 957 344 Pallas.

50 384 127 448 ergo
151 375 194 441 et,
217 384 305 446 quam
328 364 443 445 petitis,
465 364 564 426 iuncta
588 374 632 427 est
653 365 724 426 mihi
747 366 866 427 loedere
887 367 988 428 dextra

51 460 99 527 et,
121 451 175 512 lux
195 470 264 512 cum
286 452 416 531 primum
436 450 524 511 terris
546 469 576 511 se
599 451 726 512 crastina
748 451 864 523 reddet,
1089 463 1132 514 1το

54 536 165 598 auxilio
187 537 280 598 laetos
302 535 445 596 dimittam
467 534 633 615 opibusque
657 534 772 597 iuvabo.

10 686 12 691 s
54 622 171 682 interea
191 640 273 684 sacra
295 621 383 693 haec,
406 621 525 698 quando
547 620 606 680 huo
628 620 750 681 venistis
772 621 871 690 amici,

56 724 174 779 annua,
196 725 271 786 quae
293 705 413 767 differre
435 706 532 778 nefas,
555 704 703 766 celebrate
725 706 856 766 faventes

57 790 216 853 nobiscum
239 800 269 852 et
289 791 345 851 iam
370 807 452 851 nuno
473 789 622 851 sociorum
645 789 809 851 adsuescite
831 785 961 851 mensis?
996 784 998 789 ’

144 875 223 936 llaec
244 876 297 937 uhi
319 874 409 948 dicta,
432 875 522 954 dapes
543 873 625 936 iubet
648 883 679 935 et
699 873 813 935 sublata
835 875 940 954 reponi
1088 885 1130 935 tlt

58 961 166 1041 pocula
189 960 400 1040 gramineoque
422 958 501 1020 viros
523 959 601 1020 locat
622 959 686 1038 ipse
708 958 790 1019 sedili

56 1045 312 1125 praecipuumque
333 1052 400 1105 toro
423 1052 452 1104 et
473 1043 566 1105 villosi
588 1043 665 1122 pelle
687 1043 783 1105 leonis

59 1130 168 1211 accipit
188 1132 309 1192 Aenean
331 1129 466 1207 solioque
487 1129 589 1190 invitat
610 1145 730 1189 acerno.

57 1223 123 1276 tum
146 1214 215 1276 lecti
237 1215 358 1275 iuvenes
381 1213 514 1274 certatim
536 1231 662 1291 araeque
685 1214 822 1274 sacerdos

57 1299 172 1360 viscera
193 1307 269 1362 tosta
292 1299 392 1360 lerunt
412 1307 566 1359 taurorum
589 1305 775 1377 onerantque
797 1297 931 1359 canistris
1092 1306 1135 1358 100

59 1384 139 1445 dona
162 1383 310 1445 laboratae
333 1383 449 1445 Cereris
470 1382 678 1461 Bacchumque
700 1383 876 1445 ministrant.

58 1469 190 1531 vescitur
211 1468 325 1530 Aeneas
347 1468 435 1529 simul
457 1477 486 1528 et
506 1466 633 1528 Troiana
655 1467 792 1529 iuventus

59 1554 199 1635 perpetui
220 1562 304 1633 tergo
327 1551 410 1614 horis
432 1561 462 1614 et
483 1551 653 1613 lustralibus
675 1551 757 1612 extis.

149 1638 309 1717 Postquam
332 1638 580 1717 exempta'lames
602 1643 631 1698 et
652 1654 735 1697 amor
756 1654 943 1715 compressus
965 1635 1086 1708 edendi,

60 1741 115 1784 rex
138 1723 296 1784 Euandrus
317 1722 371 1784 ait:
390 1716 470 1783 ‘non
494 1721 567 1782 haec
588 1720 742 1783 sollemnia
765 1720 866 1793 nohis,
1096 1728 1138 1779 100

62 1809 116 1870 has
139 1827 175 1869 ex
197 1826 280 1868 more
302 1807 406 1885 dapes,
429 1807 505 1867 hano
527 1806 602 1867 tanti
624 1806 755 1867 numinis
777 1824 856 1866 aram

62 1911 139 1954 vana
161 1892 331 1973 superstitio
354 1899 545 1969 veterumque
561 1891 670 1970 'ignara
692 1889 814 1950 deorum

64 1977 222 2060 imposuit:
245 1977 352 2049 saeris,
374 1976 484 2055 hospes
506 1975 649 2047 Troiane,
671 1974 792 2054 periclis

64 2063 173 2125 serrati
193 2062 317 2123 facimus
338 2060 518 2139 meritosque
541 2078 683 2120 novamus
704 2060 843 2119 honores.

66 2148 125 2208 iam
147 2147 275 2230 primum
298 2145 375 2208 saxis
396 2163 571 2225 suspensam
592 2145 670 2206 hano
692 2144 791 2222 aspice
813 2159 933 2221 rupem,

64 2232 205 2295 disiectae
226 2231 332 2311 procul
353 2237 388 2291 ut
401 2230 502 2292 'moles
523 2229 698 2308 desertaque
720 2227 830 2289 montis

63 2325 125 2379 stat
147 2317 252 2378 domus
274 2325 303 2377 et
324 2314 439 2395 scopuli
459 2316 611 2394 ingentem
633 2325 750 2374 traxere
771 2312 897 2373 ruinam.

65 2403 116 2464 hic
139 2402 282 2484 spelunca
305 2400 360 2461 luit
380 2409 461 2462 vasto
484 2398 620 2461 submota
642 2416 774 2470 recessu,

65 2486 273 2549 semihominis
296 2484 363 2547 Caci
385 2485 474 2547 facies
496 2502 584 2563 quam
607 2483 669 2544 dira
690 2482 827 2556 tenebat,

66 2572 141 2633 solis
163 2572 342 2632 inaccessam
365 2566 669 2648 radiis3'semperque
692 2568 805 2630 recenti

67 2655 160 2718 caede
180 2655 301 2735 tepebat
321 2656 430 2716 humus
451 2653 626 2733 foribusque
646 2654 741 2715 adfixa
763 2649 900 2730 superbis

69 2759 124 2802 ora
146 2741 243 2801 virum
264 2740 340 2802 tristi
362 2738 533 2819 pendebant
553 2738 658 2819 pallida
681 2737 759 2799 taho.

68 2826 143 2887 huic
164 2832 298 2887 monstro
321 2824 469 2885 Volcanus
490 2832 554 2884 erat
574 2831 674 2903 pater:
697 2822 775 2882 illius
797 2827 876 2879 atros

70 2928 125 2972 ore
147 2928 268 2971 vomens
289 2909 367 2989 ignis
388 2926 496 2987 magna
518 2927 549 2969 se
570 2908 648 2968 mole
669 2904 791 2968 larebat.

69 2994 170 3056 attulit
191 3003 222 3055 et
242 2994 329 3057 nohis
350 2994 506 3073 aliquando
530 2992 701 3072 optantibus
723 2997 802 3050 aetas

69 3078 214 3141 auxilium
236 3080 453 3157 adventumque
474 3077 530 3138 dei.
574 3095 643 3138 nam
665 3075 809 3137 maximus
830 3072 925 3144 ultor,

73 3164 231 3244 tergemini
255 3182 328 3226 nece
351 3163 504 3244 Geryonae
527 3162 686 3243 spoliisque
710 3157 872 3240 superbus,

74 3248 192 3310 Alcides
213 3249 313 3311 aderat
335 3257 494 3327 taurosque
517 3247 571 3308 hac
592 3247 686 3308 victor
708 3244 813 3325 agebat

75 3334 221 3412 ingentis,
242 3334 406 3413 vallemque
428 3333 517 3394 hoves
539 3349 715 3410 amnemque
737 3327 887 3389 tenebant.

73 3428 105 3480 at
127 3419 211 3480 iuriis
235 3417 301 3480 Caci
323 3438 408 3480 mens
430 3418 536 3491 effera,
559 3435 598 3477 ne
620 3416 689 3495 quid
713 3415 849 3474 inausum

75 3512 127 3566 aut
148 3503 336 3565 intractatum
360 3503 514 3565 scelerisve
536 3501 630 3563 dolive
652 3499 770 3570 fuisset,

166 3657 213 3707 197
232 3653 367 3720 squallida
384 3651 439 3704 hl¹l
457 3651 523 3706 th.
593 3652 642 3703 200
662 3650 695 3712 ot]
716 3647 765 3696 en?
783 3642 815 3696 cl.
833 3641 866 3692 lll
880 3644 903 3692 7.
973 3640 1022 3720 205
1040 3635 1111 3697 furis

72 3722 180 3844 lllleelltl.
191 3722 231 3776 Jl.
245 3724 320 3782 1867,
333 3723 382 3772 725
401 3723 426 3772 et
443 3720 506 3774 Aen.
519 3718 537 3782 l,
555 3716 656 3783 XXVII)
672 3713 770 3785 y²h²cn
781 3710 852 3763 Serv.
921 3705 994 3767 furta
1013 3703 1038 3755 0.
1056 3719 1139 3756 manu

129 3866 251 3936 salernus.
970 3861 1000 3911 11
