2286 4394
72 194 115 255 56
444 190 473 245 Ρ.
486 189 614 243 venatu
631 188 778 245 nunonis

76 367 102 427 is
124 363 207 425 locus
230 361 312 425 urbis
335 361 405 436 erit,
427 361 545 440 requies
567 379 601 421 ea
622 368 702 422 certa
723 359 872 422 laborum.

75 468 131 511 nec
153 456 184 509 tu
207 465 377 508 mensarum
400 464 517 508 morsus
539 446 681 507 horresce
703 446 832 511 tuturos:

73 535 130 595 lata
152 532 226 593 viam
249 531 401 593 invenient
423 531 575 609 aderitque
597 540 717 592 vocatus
739 530 855 610 Apollo.
1090 537 1120 590 tb

73 619 125 680 has
146 626 244 678 autem
267 626 360 678 terras
383 616 505 695 Italique
527 615 604 677 hanc
625 615 720 676 litoris
741 633 841 690 oram,

73 702 205 783 proxima
228 719 303 779 quae
326 701 421 762 nostri
442 700 632 781 pertunditur
653 701 792 779 aequoris
814 708 914 774 aestu,

73 788 185 867 elinge3
208 794 315 848 cuncta
337 786 421 847 malis
443 784 614 846 habitantur
635 784 752 847 moenia
774 784 873 847 Grais:

73 872 123 934 hic
144 882 174 934 et
195 871 311 952 Narycii
334 878 502 951 posuerunt
522 869 640 931 moenia
662 868 766 945 Locri,

74 965 103 1018 et
125 956 304 1019 Sallentinos
327 955 442 1018 obsedit
462 953 553 1015 milite
575 971 697 1033 campos

74 1042 194 1123 Lyctius
215 1041 405 1115 Idomeneus,
428 1040 477 1100 hic
499 1039 546 1100 illa
569 1039 652 1101 ducis
673 1036 810 1099 Meliboei

73 1146 161 1208 parra
184 1125 364 1188 Philoctetae
386 1124 511 1186 subnixa
533 1123 643 1185 Petelia
664 1140 760 1185 muro.

74 1212 161 1290 quin,
184 1209 235 1271 ubi
258 1209 446 1271 transmissae
469 1208 606 1271 steterint
627 1216 710 1270 tram
730 1225 861 1286 aequora
883 1208 992 1271 classes

73 1304 103 1356 et
125 1294 227 1375 positis
248 1294 305 1355 aris
328 1295 384 1354 iam
408 1301 472 1353 vota
496 1293 526 1353 in
549 1292 636 1354 litore
658 1292 769 1365 solves,

72 1397 225 1460 purpureo
247 1377 342 1439 velare
364 1395 463 1439 comas
484 1379 645 1458 adopertus
666 1376 794 1450 amictu,

75 1483 113 1525 ne
136 1481 193 1543 qua
216 1463 295 1524 inter
316 1471 434 1526 sanctos
457 1462 535 1541 ignis
557 1461 588 1523 in
611 1462 727 1524 honore
748 1462 872 1524 deorum

73 1548 188 1610 hostdis
211 1547 299 1608 iacies
323 1554 460 1608 occurrat
482 1555 511 1607 et
533 1546 632 1608 omina
653 1546 764 1608 turbet.

74 1633 154 1695 hunc
177 1632 249 1694 socii
272 1650 386 1693 morem
408 1649 577 1707 sacrorum,
599 1631 681 1692 hunc
703 1631 766 1711 ipse
789 1641 906 1708 teneto;

73 1717 126 1779 hac
150 1717 221 1778 casti
242 1724 382 1778 maneant
404 1717 435 1778 in
457 1716 602 1796 religione
624 1724 758 1795 nepotes.

73 1810 118 1864 ast
138 1802 190 1864 ubi
213 1802 376 1882 digressum
399 1800 514 1863 Siculae
537 1809 567 1863 te
589 1800 751 1863 admoverit
773 1819 841 1863 orae

73 1896 179 1949 ventus
201 1896 231 1948 et
252 1887 369 1966 angusti
391 1894 544 1948 rarescent
565 1885 690 1947 claustra
711 1885 825 1960 Pelori,

73 1972 152 2034 laeva
175 1972 228 2034 tibi
251 1972 337 2034 tellus
359 1981 389 2034 et
410 1973 501 2052 longo
523 1970 602 2032 laeva
623 1978 763 2050 petantur

73 2076 202 2138 aequora
225 2058 367 2132 circuitu,
390 2058 525 2119 dextrum
548 2057 618 2135 luge
639 2055 709 2116 litus
731 2064 761 2116 et
781 2054 886 2117 undas.

72 2144 145 2205 haec
168 2143 232 2205 loca
254 2143 281 2204 vi
304 2142 453 2222 quondam
476 2149 505 2203 et
525 2148 605 2203 vasta
626 2139 765 2202 convolsa
788 2139 875 2201 ruina

74 2231 199 2304 (tantum
223 2227 285 2288 aevi
307 2226 471 2307 longinqua
492 2226 569 2287 valet
590 2232 704 2287 mutare
726 2226 868 2303 vetustas)

75 2312 235 2374 dissiluisse
258 2312 376 2385 lerunt,
399 2329 467 2372 cum
489 2310 627 2389 protinus
648 2318 774 2387 utraque
796 2308 883 2370 tellus

74 2414 132 2456 una
154 2397 245 2469 foret3
268 2395 349 2455 venit
371 2395 468 2456 medio
491 2394 518 2454 vi
540 2403 650 2472 pontus
673 2403 703 2455 et
724 2393 812 2455 undis

73 2479 249 2558 Hesperium
273 2479 372 2540 Siculo
395 2479 471 2539 latus
492 2477 616 2540 abscidit
637 2496 764 2557 arvaque
786 2486 816 2539 et
837 2476 928 2540 urbes

74 2563 161 2624 litore
183 2563 316 2625 diductas
338 2571 464 2641 angusto
487 2562 621 2624 interluit
642 2571 734 2625 aestu.

73 2648 209 2709 dextrum
232 2648 327 2728 Scylla
349 2648 440 2723 latus,
464 2647 577 2710 laevum
600 2647 754 2727 implacata
778 2646 939 2728 Charybdis

74 2731 189 2794 obsidet
210 2740 298 2812 atque
320 2733 378 2794 imo
402 2733 532 2795 barathri
554 2743 600 2794 ter
621 2732 737 2813 gurgite
759 2741 855 2795 vastos

71 2816 174 2880 sorbet
194 2817 225 2877 in
247 2817 406 2898 abruptum
428 2819 535 2881 ductus
556 2836 720 2897 rursusque
741 2818 796 2880 sub
819 2835 905 2880 auras

74 2901 161 2980 erigit
183 2901 314 2963 alternos
337 2911 365 2965 et
387 2904 482 2967 sidera
504 2903 640 2966 verberat
663 2901 751 2964 unda.

73 2995 103 3047 at
125 2985 250 3066 Scyllam
274 2988 368 3049 caecis
390 2988 509 3051 cohibet
530 2989 672 3067 spelunca
694 2986 814 3049 latebris

76 3089 126 3132 ora
149 3079 347 3132 exsertantem
371 3081 400 3133 et
422 3073 503 3134 navis
524 3072 555 3132 in
578 3090 646 3134 sara
667 3073 844 3133 trahentem.

73 3154 169 3236 prima
190 3155 319 3217 hominis
341 3157 431 3218 facies
454 3165 484 3217 et
505 3156 631 3236 pulchro
654 3164 776 3237 pectore
798 3157 880 3235 virgo

75 3238 154 3320 pube
177 3247 280 3314 tenus,
302 3248 451 3320 postrema
473 3240 593 3301 immani
616 3259 742 3320 corpore
765 3241 869 3322 pistrix

75 3323 245 3402 delphinum
270 3326 376 3386 caudas
398 3333 482 3386 utero
505 3324 660 3386 commissa
682 3325 831 3405 luporum.

73 3417 204 3490 praestat
225 3408 371 3470 Trinacrii
392 3418 485 3470 metas
507 3408 633 3470 lustrare
656 3409 786 3489 Pachyni

76 3501 253 3566 cessantem,
277 3493 383 3572 longos
405 3501 435 3554 et
461 3493 693 3553 circumflectere
716 3512 837 3566 corsua,

76 3597 164 3658 quam
186 3579 278 3640 semel
300 3579 456 3640 intormem
478 3585 560 3638 vasto
582 3577 686 3639 vidisse
709 3577 763 3639 sub
787 3587 872 3638 antro

72 3716 270 3725 ————

71 3843 105 3896 vl
123 3781 208 3898 304115
227 3778 311 3832 damn.
324 3778 427 3848 Gruppe
440 3778 479 3832 34.
549 3780 599 3832 419
619 3777 705 3841 litore]
726 3794 841 3845 aequore
855 3777 961 3846 Seneca,
980 3776 1037 3832 Nat.
1051 3793 1131 3846 quaes

158 3885 164 3910 ,
199 3883 205 3899 .
