2474 4388
432 236 593 290 auumuos
612 238 670 292 ΗΒ.
688 239 729 293 Xi.

70 423 157 466 nunc
180 406 269 483 adeo,
293 425 368 488 quae
390 408 429 470 sit
450 408 555 471 dubiae
577 411 723 472 sententia
746 413 854 486 menti,

71 490 228 571 expediam
251 500 281 554 et
301 493 403 574 paucis
426 494 551 570 (animos
573 494 721 573 adhibete)
743 495 866 558 docebo.

71 585 120 637 est
142 578 283 657 antiquus
305 596 375 658 ager
396 578 493 640 Tusco
515 579 587 641 mibi
609 581 762 659 proximus
784 583 879 656 amni,

71 663 184 742 longus
201 663 232 724 in
256 681 402 738 occasum,
425 665 493 725 duis
515 682 606 744 super
626 684 721 744 usque
744 666 882 742 Sicanos;

72 747 210 809 Aurunci
230 748 391 828 Rutulique
413 758 518 810 serunt
540 757 569 810 ct
590 769 708 811 vomere
731 751 821 813 duros

73 841 218 894 exercent
239 833 322 896 collis
343 842 432 914 atque
453 835 562 895 horum
583 836 744 915 asperrima
766 847 902 916 pascuut.

72 917 149 979 baec
172 919 269 980 omnis
290 920 374 997 regio
397 926 427 981 et
447 919 518 981 celsi
541 920 625 999 plaga
646 920 733 1001 pinea
756 923 865 985 montis

75 1002 163 1065 cedat
184 1003 327 1066 amicitiae
349 1005 549 1079 Teucrorum,
572 1011 602 1065 et
624 1006 752 1067 foederis
774 1026 882 1088 aequas

75 1088 209 1150 dicamus
231 1088 311 1168 leges
333 1090 489 1168 sociosque
512 1090 541 1150 in
566 1108 658 1170 regna
679 1109 833 1168 vocemus3

75 1173 249 1247 considant,
272 1174 297 1235 si
319 1182 419 1236 tantus
441 1192 537 1249 amor,
562 1184 591 1236 ct
612 1176 729 1237 moenia
752 1177 889 1239 condant.

75 1257 122 1319 sin
147 1258 219 1318 alios
241 1258 309 1320 tinis
331 1260 475 1339 aliamque
497 1277 651 1340 capessere
673 1269 792 1339 gentem

76 1351 123 1404 est
144 1343 260 1405 animus
281 1353 468 1425 possuntque
491 1345 554 1406 solo
577 1346 720 1406 decedere
743 1357 861 1421 nostro,

75 1427 122 1490 bis
145 1428 236 1490 denas
257 1428 329 1490 ltaio
352 1438 485 1491 texamus
507 1430 616 1491 robore
639 1430 734 1506 navis,

75 1531 129 1575 scu
151 1514 245 1594 pluris
266 1516 417 1595 complere
438 1514 552 1589 vatent3
581 1516 657 1577 iacet
679 1516 776 1578 omnis
797 1518 832 1578 ad
856 1517 966 1578 undam

75 1598 230 1674 materies;
257 1599 315 1680 ipsi
338 1618 556 1680 numerumque
578 1600 760 1680 modumque
783 1602 890 1664 carinis

74 1683 276 1765 praecipiaut;
305 1703 466 1758 nasama,
488 1704 612 1759 manus,
635 1686 746 1747 navalia
768 1687 879 1748 demus.

75 1775 245 1850 praeterea,
268 1770 319 1849 qui
340 1770 418 1831 dicta
439 1771 537 1832 terant
559 1778 589 1832 et
610 1771 729 1832 foedera
750 1771 887 1845 firment,

75 1863 198 1916 centum
222 1863 355 1917 oratores
376 1855 471 1936 prima
493 1857 529 1918 de
551 1864 640 1936 gente
662 1855 784 1917 Latinos

75 1940 121 2000 ire
144 1938 241 2020 placet
261 1941 402 2037 pacisque
424 1959 513 2002 manu
536 1941 732 2021 praetendere
754 1959 867 2014 ramos,

74 2042 203 2086 munera
224 2026 371 2122 portantis
393 2026 515 2104 aurique
538 2025 696 2124 eborisque
717 2025 827 2088 talenta

76 2119 107 2171 ct
128 2108 229 2171 sellam
251 2111 335 2191 regni
357 2111 579 2191 trabeamque'
571 2111 699 2190 insignia
722 2110 825 2173 nostri.

76 2194 254 2256 consulite
246 2215 276 2256 rn
299 2195 428 2257 medium
452 2204 482 2257 et
502 2196 592 2258 rebus
614 2197 778 2258 succurrite
800 2190 908 2258 sessis.²

164 2279 239 2340 Tum
263 2280 393 2342 Drances
415 2282 493 2342 idem
514 2282 666 2356 intensuS,
689 2299 778 2360 quem
800 2282 892 2360 gloria
913 2280 1008 2341 Turni

78 2364 200 2444 obliqua
220 2364 329 2426 invidia
351 2367 535 2446 stimulisque
557 2329 684 2447 agitabat
707 2367 828 2453 amaris,

77 2448 179 2529 largus
201 2468 290 2530 opum
314 2459 343 2512 et
363 2451 465 2532 lingua
488 2451 606 2525 melior,
629 2452 681 2514 sed
702 2432 819 2532 frigida
829 2452 906 2513 bello

77 2534 213 2610 dextera,
235 2536 366 2598 consiliis
386 2537 504 2599 babitus
525 2556 587 2597 non
610 2537 713 2598 futtilis
735 2545 854 2612 auctor,

77 2620 224 2681 seditione
246 2627 353 2700 potens
374 2624 482 2701 (genus
502 2622 573 2683 huic
595 2631 728 2683 materna
750 2584 937 2708 superbum

79 2705 219 2768 nobilitas
240 2705 341 2782 dabat,
364 2706 511 2768 incertum
534 2708 570 2768 dc
592 2716 676 2788 patre
697 2707 822 2784 terebat)

79 2791 176 2871 surgit
197 2799 226 2852 et
247 2791 293 2852 bis
315 2754 419 2853 cinerat
441 2791 526 2854 dictis
547 2801 635 2870 atque
658 2800 778 2872 aggerat
799 2792 872 2853 iras:

74 2871 153 2938 ‘rem
177 2875 252 2937 nulli
274 2876 431 2938 obscuram
453 2886 572 2939 nostrae
594 2896 650 2938 nec
671 2876 751 2937 vocis
774 2885 909 2955 egentem

79 2961 228 3035 consulis,
252 2980 269 3022 ο
292 2960 371 3023 bone
392 2979 461 3036 rex3
490 2962 591 3023 cuncti
613 2981 644 3024 sc
667 2961 743 3023 scire
765 2962 911 3035 fatentur,

79 3046 152 3125 quid
174 3048 293 3108 fortuna
315 3047 389 3108 terat
409 3046 527 3129 populi,
551 3047 602 3108 sed
624 3047 723 3107 dicere
744 3055 887 3108 mussant.

78 3131 131 3193 det
151 3130 316 3193 libertatem
338 3132 420 3193 fandi
441 3133 588 3210 flatusque
609 3132 754 3205 remittat,

78 3216 165 3278 cuius
187 3216 225 3278 cb
248 3217 411 3296 auspicium
433 3218 596 3279 infaustum
617 3234 774 3296 moresque
796 3216 932 3278 sinistros

77 3301 188 3379 (dicam
210 3301 362 3381 equidem,
386 3303 454 3363 iicet
475 3320 556 3363 arma
578 3302 649 3363 mibi
672 3310 857 3382 mortemque
879 3299 1020 3377 minetur)

78 3386 192 3448 lumina
215 3393 260 3447 tot
281 3387 421 3450 cecidisse
443 3387 551 3449 ducum
573 3396 725 3467 totamque
746 3386 879 3448 ridemus

80 3470 251 3534 consedisse
273 3472 377 3532 urbem
400 3473 498 3547 luctu,
520 3473 592 3533 dum
613 3471 701 3533 Treta
723 3478 847 3550 temptat

80 3564 177 3619 castra
199 3557 285 3636 fugae
307 3558 403 3620 fidens
424 3566 454 3618 et
476 3556 589 3619 caelum
611 3555 728 3618 territat
748 3557 846 3617 armis.

80 3660 176 3704 unum
199 3642 285 3703 etiam
308 3641 396 3704 donis
417 3642 496 3718 istis,
519 3660 595 3722 quae
617 3641 743 3722 plurima
765 3640 839 3701 mitti

169 3845 219 3897 319
237 3847 317 3910 etque
335 3845 370 3907 b]
388 3857 543 3910 nemorumq
544 3859 578 3894 uc
595 3842 661 3896 Gent
674 3842 705 3896 58
741 3844 767 3890 or
782 3856 852 3892 saaca
870 3837 969 3892 Peerik.
1005 3841 1158 3905 torquerent

80 3909 167 3964 Madv.
187 3913 229 3964 45.
317 3912 367 3964 324
385 3912 498 3963 aliamve
514 3859 598 3983 Pyb¹c
684 3912 735 3964 346
752 3906 835 3974 serat]
851 3912 926 3976 petat
941 3904 1073 3978 bi¹y¹cmrr
