2286 4394
80 205 119 264 18
444 205 473 260 P.
484 205 614 260 vescier
631 205 776 261 MARONlS

77 380 108 440 in
131 380 205 439 lreta
228 379 297 439 dum
321 377 399 438 fluvii
422 388 558 453 current,
581 381 651 441 dum
674 377 824 441 montibus
846 378 971 441 umbrae

76 463 245 526 lustrabunt
232 471 412 536 t,convexa
435 465 521 543 polus
543 426 612 526 dum
636 465 731 527 sidera
753 472 869 544 pascet,

76 567 194 630 semper
216 549 311 610 honos
334 567 504 628 nomenque
525 558 610 611 tuum
624 550 790 651 laudesque
815 547 996 623 manebunt,

75 651 151 713 quae
173 653 220 695 me
243 652 371 711 cumque
392 643 498 696 vocant
522 625 634 696 terrae?
682 635 724 696 sic
745 635 822 696 latus
844 634 970 695 amicum

75 719 186 780 llionea
208 719 282 797 petit
304 719 404 780 dextra
426 721 565 800 laevaque
587 721 755 791 Serestum,

74 814 142 884 post
163 805 250 876 alios,
273 805 438 883 fortemque
462 806 543 886 Gyan
566 807 733 883 fortemque
756 804 941 865 Cloanthum.

161 888 311 969 Obstipuit
332 889 428 968 primo
450 899 573 969 aspectu
595 890 716 951 Sidonia
740 889 826 964 llido,

74 993 144 1036 casu
167 974 272 1036 deinde
294 974 349 1035 viri
371 984 470 1051 tanto,
494 984 523 1036 et
543 976 585 1037 sic
609 994 659 1036 ore
681 975 779 1035 locuta
801 982 859 1036 est:

71 1055 151 1139 ‘quis
173 1069 218 1134 te,
242 1067 309 1121 nate
331 1062 400 1134 dea,
423 1079 477 1140 per
498 1068 578 1120 tanta
601 1059 732 1140 pericula
754 1077 839 1121 casus

74 1143 261 1225 insequitur?
285 1163 358 1223 quae
380 1146 423 1206 vis
445 1146 621 1206 immanibus
644 1145 771 1225 applicat
793 1140 875 1205 oris?

73 1238 145 1291 tune
167 1231 215 1291 ille
237 1230 367 1302 deneas,
390 1248 478 1309 quem
503 1230 648 1291 Dardanio
669 1230 814 1291 Anchisae

75 1315 150 1375 alma
173 1315 272 1376 Venus
295 1315 413 1395 Phrygii
435 1316 539 1394 genuit
561 1315 720 1376 Simoentis
742 1316 777 1376 ad
800 1310 931 1376 undam?

72 1409 160 1480 atque
183 1399 318 1479 equidem
341 1399 489 1461 Teucrum
512 1400 633 1461 memini
656 1400 766 1461 Sidona
788 1399 888 1460 venire

73 1484 185 1546 linibus
208 1485 362 1563 expulsum
385 1485 502 1564 patriis,
526 1504 600 1546 nova
622 1503 713 1564 regna
736 1492 886 1563 petentem

73 1569 180 1631 auxilio
203 1570 279 1645 Reli3
302 1569 419 1648 genitor
440 1579 503 1631 turn
526 1571 614 1632 Belus
636 1570 763 1650 opimam

71 1654 203 1717 vastabat
225 1655 353 1735 Cyprum
377 1663 406 1716 ct
427 1656 521 1717 victor
542 1656 659 1717 dicione
681 1655 810 1716 tenebat.

72 1749 205 1819 tempore
227 1740 283 1800 iam
307 1758 340 1800 ex
364 1740 414 1801 illo
437 1759 521 1802 casus
543 1741 613 1801 mihi
635 1741 772 1818 cognitus
793 1737 875 1800 urbis

71 1825 217 1886 Troianae
240 1844 409 1906 nomenque
430 1833 516 1887 tuum
538 1844 682 1905 regesque
705 1823 826 1903 Pelasgi.

72 1911 135 1991 ipse
157 1911 250 1972 hostis
272 1910 404 1973 Teucros
426 1911 536 1989 insigni
558 1912 643 1972 laude
665 1910 780 1971 terebat

72 2015 162 2075 seque
185 2005 282 2057 ortum
306 1997 425 2078 antiqua
449 1996 632 2059 Teucrorum
655 1996 691 2057 ab
713 1995 804 2074 stirpe
827 1991 951 2054 volebat.

72 2100 163 2160 quare
186 2082 277 2162 agite,
302 2101 319 2142 o
342 2082 440 2154 tectis,
464 2084 602 2157 iuvenes,
625 2081 773 2143 succedite
795 2079 913 2140 nostris.

71 2186 118 2229 me
141 2185 260 2246 quoquc
282 2185 335 2247 per
357 2168 466 2228 multos
487 2168 590 2229 similis
611 2168 729 2227 fortuna
752 2163 868 2226 labores

71 2253 203 2315 iactatam
227 2253 281 2313 hac
304 2252 423 2313 demum
445 2253 536 2313 voluit
558 2253 720 2313 consistere
742 2260 829 2311 terra.

71 2357 132 2398 non
156 2339 257 2416 ignara
279 2336 346 2397 mali
368 2336 484 2398 miseris
505 2354 680 2397 succurrere
703 2326 801 2397 disco.³

70 2423 113 2484 sic
135 2429 292 2495 memorat;
315 2420 402 2482 simul
425 2421 544 2482 Aenean
567 2422 597 2482 iu
621 2422 700 2501 regia
723 2420 804 2481 ducit

70 2514 160 2580 tecta,
183 2506 270 2567 simul
291 2505 387 2566 divom
410 2507 526 2584 templis
548 2506 651 2567 indicit
673 2508 826 2567 honorem.

71 2610 126 2653 nec
148 2591 246 2652 minus
268 2591 381 2652 interea
403 2590 491 2652 sociis
512 2592 548 2652 ad
569 2591 654 2652 litora
678 2591 765 2653 mittit

69 2677 171 2756 viginti
194 2685 309 2749 tauros,
332 2694 506 2755 magnorum
529 2677 679 2738 horrentia
702 2684 820 2737 centum

69 2770 152 2842 terga
174 2780 275 2836 suurn,
298 2761 417 2840 pinguis
439 2771 558 2823 centnm
581 2781 648 2824 cum
673 2761 815 2822 matribus
838 2776 946 2838 agnos,

69 2865 192 2908 munera
214 2847 411 2926 laetitiamque
433 2846 482 2908 dii.

69 2942 98 2993 at
120 2933 224 2994 domus
247 2931 370 2993 interior
392 2933 482 3012 regali
504 2931 657 3011 splendida
678 2931 748 2992 luxu

68 3018 242 3089 instruitur,
267 3017 428 3095 mediisque
450 3026 556 3097 parant
578 3017 708 3078 convivia
730 3015 829 3077 tectis:

68 3111 131 3165 arte
153 3101 300 3163 laboratae
322 3110 417 3163 vestes
439 3110 579 3181 ostroque
601 3102 746 3180 superbo,

68 3189 174 3267 ingens
197 3198 350 3267 argentum
374 3188 484 3249 mensis
507 3188 674 3265 caelataque
697 3187 727 3247 in
750 3203 821 3245 auro

68 3274 154 3334 sortia
177 3275 251 3333 lacta
274 3281 406 3351 patrum,
430 3273 520 3334 series
542 3272 713 3352 longissima
735 3288 834 3330 rerum

67 3377 121 3438 per
143 3366 186 3418 tot
207 3358 294 3418 ducta
317 3357 393 3418 viros
415 3358 553 3436 antiquae
575 3357 611 3418 ab
635 3356 749 3435 origine
771 3354 877 3433 gentis.

153 3445 267 3504 Aeneas
290 3444 399 3521 (neque
422 3443 500 3503 euim
523 3442 635 3523 patrius
657 3441 819 3502 consistere
842 3446 972 3500 mentem

68 3565 216 3571 ——-...
225 3563 270 3570 -..—

136 3613 211 3676 60118
230 3610 312 3666 damu.
332 3609 430 3661 Peerllr.
530 3611 578 3661 608
602 3610 686 3660 tustra
710 3609 812 3659 dabunt
829 3606 913 3658 Heins.
949 3605 1013 3654 dum
1029 3606 1141 3655 stabunt

68 3678 168 3731 Schrdt.
183 3682 256 3743 1875,
270 3681 292 3730 3.
329 3678 402 3729 Ribb.
421 3678 480 3729 dist.
499 3685 557 3729 ante
576 3693 707 3737 convenam
727 3677 759 3728 cl.
779 3675 852 3728 Prob.
872 3679 895 3738 5,
914 3677 974 3727 Set
993 3670 1066 3726 Serv.

67 3749 117 3799 612
134 3745 284 3812 fortemque
303 3746 342 3814 Gp
344 3763 380 3797 an
398 3751 446 3799 cet.
465 3748 505 3806 t=
509 3747 567 3810 222)
586 3745 670 3797 damn
688 3717 757 3798 A'tbr.
776 3747 834 3796 426.
916 3743 966 3795 636
984 3740 1025 3790 dii
1042 3738 1140 3793 Gellius

65 3814 96 3865 lll
119 3818 158 3878 14
177 3818 204 3874 8;
223 3816 255 3870 cl.
275 3815 346 3868 Serv,
365 3815 399 3882 pl.
435 3816 477 3866 dei
494 3814 560 3876 libri,
579 3813 649 3867 Serv.
731 3815 781 3865 639
797 3814 927 3877 sacpcrbac
945 3807 1056 3862 lleidtm.
1076 3807 1141 3861 Ger.

66 3882 184 3935 Wesell
173 3885 288 3947 18844
365 3832 425 3936 Ι)642
443 3886 555 3948 antiqua
573 3881 786 3953 P¹Ry¹bc¹Ribb
