2474 4388
438 264 440 268 Α
460 225 623 279 subulcos
639 226 697 281 tta.
714 227 755 280 lll.

10 469 13 476 ·
66 398 389 545 tllttmlltl
407 397 866 562 tttflltltllllltt

500 527 508 557 9

67 568 213 649 corripuit
234 568 349 631 tabulas
369 577 401 629 et
420 568 555 649 postibus
575 569 671 631 haesit
691 568 793 631 adesis.

66 653 179 716 turbati
200 654 349 734 trepidare
370 653 451 716 intus
471 653 639 734 frustraque
660 654 805 716 malorum

66 739 142 800 velle
164 741 272 819 fugam.
316 739 386 800 dum
408 757 440 800 se
462 738 628 819 glomerant
649 748 789 819 retroque
812 743 946 804 residunt

66 825 99 886 in
122 832 254 904 partam,
277 842 353 903 quae
375 832 458 904 peste
471 835 574 898 caret,
597 834 661 885 tum
682 826 816 904 pondere
838 828 928 890 turris

65 908 229 990 procubuit
248 910 346 971 subito
370 917 399 970 et
420 909 534 971 caelum
554 917 639 971 tonat
659 928 748 970 omne
770 912 897 992 fragore.

67 996 233 1056 semineces
256 995 292 1055 ad
314 1003 424 1055 terram
445 994 566 1054 immani
589 995 666 1056 mole
688 1005 787 1057 secuta

68 1079 237 1159 confixique
259 1080 320 1142 suis
341 1080 407 1141 telis
428 1087 459 1141 et
478 1087 599 1158 pectora
622 1081 697 1141 doro

68 1165 225 1226 transfossi
245 1164 327 1243 ligno
348 1164 481 1226 veniunt.
525 1164 571 1225 vix
594 1184 672 1227 unus
693 1164 823 1227 Helenor
878 1198 881 1204 ·

68 1259 98 1312 et
119 1251 216 1331 Lycus
238 1250 339 1330 elapsi.
383 1267 510 1329 quorum
531 1250 698 1330 primaevus
719 1250 864 1326 Helenor,

67 1335 204 1396 Maeonio
225 1336 289 1415 regi
311 1354 399 1415 quem
421 1352 504 1396 serva
524 1335 675 1416 Licymnia
697 1335 800 1397 furtim

66 1421 226 1482 sustulerat
246 1420 401 1500 vetitisque
422 1421 458 1481 ad
481 1421 599 1482 Troiam
621 1421 742 1482 miserat
762 1422 866 1495 armis,

10 1534 14 1539 ·
67 1524 140 1567 ense
160 1505 232 1567 levis
254 1507 334 1567 nudo
355 1523 516 1585 parmaque
537 1505 684 1584 inglorius
705 1505 781 1567 alba.

67 1591 151 1670 isque
173 1590 225 1652 ubi
246 1609 279 1652 se
301 1591 395 1652 'lurni
416 1591 511 1652 media
534 1590 613 1652 inter
633 1591 713 1652 milia
734 1591 819 1666 vidit,

67 1675 138 1737 binc
160 1675 238 1738 acies
259 1684 347 1755 utque
369 1675 440 1737 hinc
461 1676 539 1737 acies
562 1677 677 1738 adstare
699 1676 833 1750 Latinas,

10 1802 18 1825 r
68 1770 101 1822 ut
123 1761 200 1836 fera,
223 1779 299 1840 quae
321 1761 411 1823 densa
432 1772 592 1823 venantum
612 1769 713 1840 saepta
735 1780 847 1823 corona

10 1834 27 1883 ἶ*
67 1854 174 1907 contra
195 1846 252 1908 tela
274 1846 346 1907 furit
364 1865 489 1925 seseque
511 1846 588 1908 haud
611 1845 709 1907 nescia
732 1848 820 1908 morti

13 1962 26 2017 ¹,-
68 1931 152 1992 inicit
175 1939 204 1992 et
225 1931 301 1992 saltu
322 1950 412 2010 supra
435 1931 578 1993 venabula
599 1933 695 1993 fertur
716 1967 758 1977 -

11 2034 27 2059 ·
68 2016 147 2078 baud
169 2017 254 2079 aliter
275 2017 389 2078 iuvenis
410 2017 523 2078 medios
544 2017 706 2078 moriturus
726 2017 758 2077 in
781 2017 873 2078 bostis

67 2102 162 2164 inruit
183 2110 214 2162 et
235 2120 293 2181 qua
314 2102 372 2164 tela
394 2102 471 2163 videt
492 2102 667 2165 densissima
688 2102 793 2163 tandit.

67 2199 97 2250 at
119 2187 246 2267 pedibus
266 2187 356 2267 longe
377 2187 483 2249 melior
504 2187 600 2268 Lycus
622 2187 701 2248 inter
725 2195 754 2248 et
775 2186 869 2249 hostis

68 2275 147 2335 inter
169 2281 199 2334 et
220 2291 301 2333 arma
323 2275 392 2350 fuga
414 2289 516 2334 muros
537 2281 621 2334 tenet
641 2273 757 2350 altaque
779 2281 873 2334 certat

18 2350 31 2395 ³
66 2359 217 2439 prendere
238 2366 314 2419 tecta
336 2376 426 2419 manu
448 2357 621 2436 sociumque
643 2358 788 2436 attingere
809 2357 938 2420 dextras.

67 2461 158 2524 quem
181 2443 301 2505 Turnus
322 2443 434 2523 paritor
456 2461 547 2504 cursu
569 2443 688 2522 teloque
709 2451 828 2505 secutus

17 2554 30 2651 q
66 2530 205 2609 increpat
227 2528 272 2591 bis
293 2528 403 2589 victor:
422 2529 592 2590 ‘nostrasne
615 2529 753 2602 evadere,
776 2529 916 2602 demens,

19 2672 23 2677 .
67 2613 195 2696 sperasti
217 2622 245 2675 te
267 2632 355 2694 posse
377 2605 520 2676 manus‘l'
545 2613 633 2676 simul
655 2614 759 2692 arripit
779 2615 876 2694 ipsum

12 2702 28 2837 q
67 2699 249 2780 pendentem
272 2707 302 2759 et
322 2716 429 2779 magna
451 2699 528 2761 muri
550 2717 618 2760 cum
640 2706 726 2779 parte
746 2699 876 2772 revellit,

66 2784 164 2865 qualis
185 2783 238 2845 ubi
259 2792 311 2845 aut
331 2784 464 2864 leporem
486 2794 537 2847 aut
559 2783 697 2846 candenti
720 2802 846 2864 corporo
868 2802 994 2864 cycnum

12 2842 20 2881 Ι
66 2869 188 2933 sustulit
208 2868 265 2930 alta
286 2877 393 2949 petens
414 2869 540 2950 pedibus
562 2869 637 2931 lovis
658 2868 787 2948 armiger
809 2870 911 2941 uncis,

67 2954 234 3035 quaesitum
257 2962 307 3014 aut
328 2955 414 3015 matri
435 2955 536 3017 mrrltis
558 2953 704 3015 balatibus
724 2971 835 3031 agnum
1098 2963 1143 3013 tto

67 3040 193 3102 llartius
214 3058 231 3100 a
252 3038 376 3102 stabulis
397 3040 496 3120 rapuit
517 3041 615 3121 lupus.
658 3038 790 3117 undique
813 3039 925 3099 clamor

67 3126 198 3201 tollitur,
221 3124 367 3186 invadunt
388 3134 418 3186 et
438 3127 534 3188 fossas
555 3142 663 3204 aggere
685 3123 852 3203 complent,

68 3210 204 3273 ardentis
222 3209 321 3273 medas
342 3210 390 3272 alii
413 3210 448 3272 ad
470 3211 585 3290 fastigia
606 3211 725 3272 iactant

156 3295 286 3358 llioneus
308 3314 377 3358 saxo
400 3305 489 3375 atque
511 3295 626 3375 ingenti
647 3295 792 3376 fragmino
815 3295 925 3355 montis

10 3386 17 3449 i
66 3380 225 3442 Lucetium
247 3391 349 3460 portae
370 3380 548 3444 subeuntem
570 3381 707 3461 ignisque
728 3381 901 3464 ferentem,¹

66 3465 246 3527 Emathiona
268 3465 370 3544 liger,
394 3467 579 3546 Corynaeum
601 3466 707 3528 sternit
726 3464 834 3538 Asilas,

10 3536 13 3599 l
67 3553 117 3613 hic
139 3551 235 3612 iaculo
257 3550 372 3626 bonus,
394 3551 444 3612 lric
465 3551 555 3632 longe
576 3550 696 3613 fallente
717 3549 836 3628 sagium

66 3636 226 3717 Ortygium
249 3635 397 3708 Caeneus,
419 3636 562 3698 rictorem
583 3636 698 3698 Caenea
718 3635 852 3706 Turnus,

64 3723 191 3784 Turnus
212 3721 286 3802 ltym
310 3721 521 3801 Cloniumque,
544 3721 720 3802 Dioxippum
744 3717 975 3797 Promolumque

155 3907 205 3960 tta
222 3909 325 3958 tutam
342 3908 426 3957 bostis
443 3903 543 3959 Salutii.
563 3906 638 3967 1888,
657 3907 681 3958 l.
